"ts","price","bid_price","ask_price","v_bid","v_ask"
"1604156400","1450194.0","1450081.0","1450307.0","11.448143999999992","13.271424"
"1604156401","1450186.0","1450089.0","1450283.0","29.355424","29.39920999999999"
"1604156402","1450259.2777777778","1450174.888888889","1450343.6666666667","43.384359","84.27542099999998"
"1604156403","1450177.5","1450087.0","1450268.0","4.942587000000001","9.275568999999996"
"1604156405","1449987.5","1449854.0","1450121.0","10.393254999999996","29.523545000000006"
"1604156406","1449987.25","1449839.5","1450135.0","18.944924999999994","62.890072"
"1604156407","1449944.875","1449859.0","1450030.75","35.12794599999999","65.70773599999998"
"1604156408","1449878.0","1449748.0","1450008.0","42.141671999999986","80.16640500000001"
"1604156409","1449723.3333333333","1449565.0","1449881.6666666667","24.410674999999994","51.38752500000001"
"1604156410","1449690.9285714286","1449607.4285714286","1449774.4285714286","43.671027","149.32183700000002"
"1604156411","1449582.0","1449562.0","1449602.0","6.3192840000000015","17.677267"
"1604156412","1449442.2","1449327.0","1449557.4","40.23944999999999","51.776281"
"1604156413","1449473.7857142857","1449406.5714285714","1449541.0","49.486608999999994","84.65494799999999"
"1604156414","1449371.357142857","1449282.142857143","1449460.5714285714","45.179381","101.72595199999998"
"1604156415","1449220.3333333333","1449133.5555555555","1449307.111111111","66.30303399999998","71.75953399999997"
"1604156416","1449304.611111111","1449279.2222222222","1449330.0","57.89078599999998","51.25530299999997"
"1604156417","1449144.2","1449064.6","1449223.8","26.12923499999999","38.859609999999996"
"1604156418","1449318.0","1449288.0","1449348.0","46.21106999999999","84.98011399999997"
"1604156419","1449217.625","1449193.75","1449241.5","39.955556999999985","78.71757599999998"
"1604156420","1449417.1666666667","1449352.6666666667","1449481.6666666667","31.931951999999995","90.580275"
"1604156421","1449547.5","1449461.0","1449634.0","5.393932999999999","18.55049200000001"
"1604156422","1449646.6666666667","1449603.3333333333","1449690.0","37.593578","41.101249999999986"
"1604156423","1449618.25","1449607.8333333333","1449628.6666666667","36.828542999999996","36.01589399999999"
"1604156424","1449777.0","1449567.0","1449987.0","5.182581999999998","15.001356"
"1604156425","1449462.25","1449437.6666666667","1449486.8333333333","43.09049399999999","114.408763"
"1604156426","1449504.857142857","1449474.142857143","1449535.5714285714","51.958932999999995","91.07668699999999"
"1604156427","1449561.4375","1449515.625","1449607.25","61.39490000000001","113.54589000000001"
"1604156428","1449538.1875","1449486.125","1449590.25","64.181802","102.05629299999997"
"1604156429","1449548.0","1449518.0","1449578.0","71.893715","86.47314699999997"
"1604156430","1449542.6875","1449511.125","1449574.25","62.429607999999995","76.64686099999999"
"1604156431","1449364.5625","1449346.125","1449383.0","51.880734","74.623482"
"1604156432","1449194.0","1449172.7142857143","1449215.2857142857","35.95544099999998","50.15724099999999"
"1604156433","1449026.0","1449002.875","1449049.125","39.291783","98.64841999999999"
"1604156434","1448952.8333333333","1448907.3333333333","1448998.3333333333","43.285008","71.34574599999999"
"1604156435","1449107.142857143","1449063.0","1449151.2857142857","44.21307299999998","110.67448099999999"
"1604156436","1448945.3125","1448882.25","1449008.375","48.868622","56.20745999999999"
"1604156437","1448895.625","1448867.625","1448923.625","48.346675000000005","51.86079499999998"
"1604156438","1448907.2857142857","1448837.5714285714","1448977.0","37.820389","73.18533099999999"
"1604156439","1448915.0","1448810.0","1449020.0","22.785697","72.68045199999999"
"1604156440","1448714.5","1448467.3333333333","1448961.6666666667","29.810218999999996","48.551912999999985"
"1604156441","1448492.0","1448436.8","1448547.2","33.50836999999999","67.86963999999999"
"1604156442","1448305.625","1448248.75","1448362.5","20.447069","35.83467999999999"
"1604156443","1448328.6666666667","1448282.6666666667","1448374.6666666667","34.939831","60.466186"
"1604156444","1448285.2142857143","1448237.142857143","1448333.2857142857","31.266277999999996","64.19232"
"1604156445","1448222.5","1448179.2857142857","1448265.7142857143","38.572051","62.57195399999999"
"1604156446","1448295.2857142857","1448255.2857142857","1448335.2857142857","28.008026","88.09871199999999"
"1604156447","1448329.0","1448228.375","1448429.625","30.413980000000002","110.36686399999996"
"1604156448","1448339.2777777778","1448284.3333333333","1448394.2222222222","32.173175","97.96909500000001"
"1604156449","1448418.0555555555","1448353.7777777778","1448482.3333333333","28.75373100000001","107.885707"
"1604156450","1448449.1666666667","1448393.1666666667","1448505.1666666667","20.117414000000004","74.40431199999999"
"1604156451","1448649.0","1448589.0","1448709.0","16.54946999999999","40.684658999999996"
"1604156452","1448823.375","1448721.75","1448925.0","27.217981999999985","63.233046"
"1604156453","1448905.3125","1448827.75","1448982.875","57.16378599999999","114.524947"
"1604156454","1449035.0","1449006.5","1449063.5","80.67186899999999","83.407372"
"1604156455","1449169.1","1449143.2","1449195.0","47.483560999999995","48.277868999999995"
"1604156456","1449133.7","1449080.6","1449186.8","45.79132399999998","38.564265999999996"
"1604156457","1448953.1666666667","1448892.8333333333","1449013.5","54.64818799999999","59.65089799999999"
"1604156458","1448924.7142857143","1448907.857142857","1448941.5714285714","47.57032099999999","59.77837999999998"
"1604156459","1448885.7777777778","1448787.3333333333","1448984.2222222222","90.94386","70.80235999999996"
"1604156460","1448823.1666666667","1448769.0","1448877.3333333333","74.35732399999999","54.16108800000001"
"1604156461","1448888.2","1448796.2","1448980.2","57.463987","40.30192199999999"
"1604156462","1448889.25","1448847.5","1448931.0","34.41270699999999","20.797995999999998"
"1604156463","1448863.8","1448808.6","1448919.0","32.566292","31.204458999999982"
"1604156464","1448847.1666666667","1448781.111111111","1448913.2222222222","65.14738399999999","58.76167499999996"
"1604156465","1448810.5","1448764.3333333333","1448856.6666666667","79.75801999999997","36.99099399999998"
"1604156466","1448830.9285714286","1448778.857142857","1448883.0","91.30152199999998","43.90424699999997"
"1604156467","1448764.25","1448713.5","1448815.0","97.00379999999997","47.25095999999998"
"1604156468","1448816.5555555555","1448771.111111111","1448862.0","98.16751499999997","41.723088000000004"
"1604156469","1448801.625","1448744.25","1448859.0","100.816165","48.556083999999984"
"1604156470","1448850.4444444445","1448816.0","1448884.888888889","103.802881","63.23627699999997"
"1604156471","1448880.9444444445","1448856.7777777778","1448905.111111111","99.69708900000002","72.82337599999997"
"1604156472","1448813.7857142857","1448776.0","1448851.5714285714","77.16000500000001","54.59236899999998"
"1604156473","1448780.642857143","1448751.0","1448810.2857142857","94.938954","55.409533999999994"
"1604156474","1448582.0","1448499.5555555555","1448664.4444444445","122.05688799999999","57.505817999999984"
"1604156475","1448485.9166666667","1448404.1666666667","1448567.6666666667","81.808868","31.432423999999997"
"1604156476","1448376.7142857143","1448253.5714285714","1448499.857142857","45.48375399999999","32.958287999999996"
"1604156477","1448263.2142857143","1448232.4285714286","1448294.0","54.97932199999998","27.413753"
"1604156478","1448376.0714285714","1448312.857142857","1448439.2857142857","65.529859","46.856711"
"1604156479","1448582.2142857143","1448540.5714285714","1448623.857142857","63.47085199999999","87.211187"
"1604156480","1448770.0","1448709.0","1448831.0","13.165633999999995","57.739333"
"1604156481","1448866.2","1448813.2","1448919.2","17.862371999999993","83.24679599999999"
"1604156482","1448889.625","1448843.25","1448936.0","30.484673999999995","141.930456"
"1604156483","1448965.125","1448936.625","1448993.625","31.275182","139.66577400000003"
"1604156484","1448872.4375","1448814.375","1448930.5","48.92264499999999","143.297035"
"1604156485","1448938.0","1448895.0","1448981.0","46.477068","116.86197200000001"
"1604156486","1448941.6666666667","1448915.3333333333","1448968.0","66.763974","152.708691"
"1604156487","1448988.7142857143","1448982.5714285714","1448994.857142857","46.371938","128.566156"
"1604156488","1448952.888888889","1448909.0","1448996.7777777778","61.19272900000001","160.87017400000002"
"1604156489","1449022.4444444445","1448976.888888889","1449068.0","58.96977900000002","146.07214899999997"
"1604156490","1449094.8125","1449039.625","1449150.0","40.819876","123.64294399999996"
"1604156491","1449074.3125","1449017.0","1449131.625","44.740354","86.789222"
"1604156492","1449009.0714285714","1448968.857142857","1449049.2857142857","54.68848","120.006993"
"1604156493","1448858.2222222222","1448788.888888889","1448927.5555555555","105.16327199999998","47.975291000000006"
"1604156494","1448978.857142857","1448911.4285714286","1449046.2857142857","70.65397800000001","104.66025199999999"
"1604156495","1449052.2142857143","1448898.7142857143","1449205.7142857143","54.852048","111.773955"
"1604156496","1449250.375","1449229.75","1449271.0","63.14695199999999","81.51861499999997"
"1604156497","1449343.642857143","1449321.7142857143","1449365.5714285714","84.86798199999997","40.91908199999999"
"1604156498","1449511.25","1449479.75","1449542.75","70.00530699999999","54.512178999999975"
"1604156499","1449546.75","1449532.625","1449560.875","64.84762799999997","45.66832999999998"
"1604156500","1449575.25","1449553.0","1449597.5","10.236221999999998","8.688832000000001"
"1604156501","1449721.0833333333","1449643.8333333333","1449798.3333333333","44.86809499999999","30.800703999999993"
"1604156502","1449547.5833333333","1449535.3333333333","1449559.8333333333","41.610846","38.886559000000005"
"1604156503","1449743.9","1449660.2","1449827.6","46.59701299999998","39.689075"
"1604156504","1449615.9444444445","1449523.2222222222","1449708.6666666667","70.775938","57.14590100000001"
"1604156505","1449612.625","1449475.25","1449750.0","27.67251999999999","23.757427"
"1604156506","1449846.5","1449780.142857143","1449912.857142857","78.49822399999998","50.943716"
"1604156507","1450051.3333333333","1449998.3333333333","1450104.3333333333","16.98641","43.39340499999999"
"1604156508","1450195.5","1450129.2857142857","1450261.7142857143","40.356083999999996","88.19396499999999"
"1604156509","1450239.7777777778","1450182.111111111","1450297.4444444445","52.779582999999995","102.486617"
"1604156510","1450187.142857143","1450171.7142857143","1450202.5714285714","39.193509","75.80456699999999"
"1604156511","1450304.0625","1450240.625","1450367.5","33.329523","81.79394"
"1604156512","1450298.625","1450229.75","1450367.5","33.918284","73.022262"
"1604156513","1450293.625","1450250.125","1450337.125","52.71591799999998","59.92124499999998"
"1604156514","1450295.7777777778","1450245.0","1450346.5555555555","74.46943099999999","67.756813"
"1604156515","1450294.0","1450244.0","1450344.0","58.65059199999999","58.037203999999996"
"1604156516","1450200.0","1450176.0","1450224.0","54.886079999999986","38.056505"
"1604156517","1450183.857142857","1450153.4285714286","1450214.2857142857","62.00722399999999","37.007802999999996"
"1604156518","1449921.857142857","1449867.857142857","1449975.857142857","102.62305200000002","112.06693200000001"
"1604156519","1449792.5","1449728.3333333333","1449856.6666666667","120.355445","124.64543"
"1604156520","1449700.875","1449666.5","1449735.25","67.94196299999997","89.30680699999999"
"1604156521","1449695.7857142857","1449671.0","1449720.5714285714","67.98705799999998","99.099138"
"1604156522","1449987.642857143","1449954.7142857143","1450020.5714285714","43.46664099999998","116.05955900000002"
"1604156523","1450006.0","1449962.875","1450049.125","46.64882799999998","151.9865080000001"
"1604156524","1450012.35","1449986.9","1450037.8","61.02131299999999","189.59398800000008"
"1604156525","1450016.75","1449967.0","1450066.5","55.20733899999999","53.38266200000001"
"1604156526","1450090.75","1450054.5","1450127.0","36.82649099999999","48.06857099999999"
"1604156527","1450151.7142857143","1450104.2857142857","1450199.142857143","39.602533","120.23479100000003"
"1604156528","1450063.4375","1450018.125","1450108.75","59.404368","82.83860800000001"
"1604156529","1450149.3125","1450105.75","1450192.875","63.757057","88.907995"
"1604156530","1450385.7857142857","1450345.7142857143","1450425.857142857","38.847092","125.71026399999998"
"1604156531","1450363.6875","1450319.0","1450408.375","38.141615","150.29837699999996"
"1604156532","1450366.375","1450332.375","1450400.375","40.204955999999996","56.444241"
"1604156533","1450398.375","1450367.0","1450429.75","43.217542999999985","39.149742999999994"
"1604156534","1450562.6666666667","1450551.8333333333","1450573.5","45.67014899999999","39.04861699999999"
"1604156535","1450695.0714285714","1450667.0","1450723.142857143","47.32728599999997","57.61049499999999"
"1604156536","1450812.9375","1450757.125","1450868.75","45.449624999999976","63.02699099999998"
"1604156537","1450859.5","1450829.0","1450890.0","69.95549299999996","56.02506299999998"
"1604156538","1450854.875","1450811.75","1450898.0","61.44591499999998","89.75529999999999"
"1604156539","1450877.3333333333","1450858.2222222222","1450896.4444444445","71.49847499999998","98.11470799999998"
"1604156540","1450967.642857143","1450948.857142857","1450986.4285714286","65.27630099999998","90.14719"
"1604156541","1451006.0","1450958.75","1451053.25","30.952977999999987","37.801802999999985"
"1604156542","1451147.9285714286","1451135.0","1451160.857142857","34.78151599999998","37.20503399999998"
"1604156543","1451223.75","1451179.75","1451267.75","50.448820999999974","39.54344699999999"
"1604156544","1451233.375","1451182.125","1451284.625","51.12350499999998","39.438936"
"1604156545","1451120.0625","1451094.125","1451146.0","46.56914","35.791892999999995"
"1604156546","1451160.3333333333","1451055.6666666667","1451265.0","21.012704","13.776622999999997"
"1604156547","1451099.8333333333","1451040.6666666667","1451159.0","25.253139999999995","17.428943999999998"
"1604156548","1450876.5","1450854.4","1450898.6","57.53848099999998","45.576521"
"1604156549","1450939.2","1450889.6","1450988.8","51.70273499999998","42.041845"
"1604156550","1450776.125","1450756.25","1450796.0","71.61624799999997","61.685058000000005"
"1604156551","1450706.4285714286","1450682.0","1450730.857142857","56.29975099999997","55.13837899999999"
"1604156552","1450651.5","1450599.857142857","1450703.142857143","39.754794999999994","62.07628599999999"
"1604156553","1450523.0","1450445.111111111","1450600.888888889","58.61990299999999","60.562115"
"1604156554","1450271.9285714286","1450236.142857143","1450307.7142857143","50.06692799999999","42.21776399999998"
"1604156555","1450224.0714285714","1450193.5714285714","1450254.5714285714","46.869502","39.45592599999999"
"1604156556","1450265.5714285714","1450240.857142857","1450290.2857142857","44.391890000000004","36.259536999999995"
"1604156557","1450352.0","1450325.5","1450378.5","35.981933999999995","50.48831200000001"
"1604156558","1450254.9166666667","1450242.0","1450267.8333333333","22.974660999999998","44.19057299999999"
"1604156559","1450089.611111111","1450006.3333333333","1450172.888888889","56.550286","68.197457"
"1604156560","1450020.2857142857","1449965.4285714286","1450075.142857143","40.766065","66.42143399999999"
"1604156561","1449941.611111111","1449883.5555555555","1449999.6666666667","44.97635299999998","80.18873999999997"
"1604156562","1449966.1875","1449931.25","1450001.125","27.89560599999999","62.54468299999999"
"1604156563","1450008.4375","1449957.875","1450059.0","22.573022","70.87367299999998"
"1604156564","1449975.388888889","1449940.888888889","1450009.888888889","33.29623000000001","95.21186399999998"
"1604156565","1449739.1666666667","1449670.6666666667","1449807.6666666667","16.92862","35.56571299999998"
"1604156566","1449537.5833333333","1449483.8333333333","1449591.3333333333","30.873081999999997","51.093897999999996"
"1604156567","1449435.5714285714","1449384.857142857","1449486.2857142857","30.749740999999993","52.53935699999999"
"1604156568","1449286.5625","1449226.375","1449346.75","35.592304","53.551224999999974"
"1604156569","1449338.9375","1449289.75","1449388.125","40.74162199999999","56.15733399999998"
"1604156570","1449443.625","1449401.75","1449485.5","38.85120699999999","56.396629"
"1604156571","1449402.25","1449361.0","1449443.5","32.51015199999999","32.384646"
"1604156572","1449409.625","1449385.25","1449434.0","51.198511999999994","64.391884"
"1604156573","1449411.4444444445","1449376.111111111","1449446.7777777778","57.483652999999975","77.21599599999999"
"1604156574","1449462.0","1449424.9","1449499.1","81.18115799999998","82.10501699999999"
"1604156575","1449394.5","1449349.25","1449439.75","68.20126699999999","72.00402499999998"
"1604156576","1449401.7777777778","1449369.7777777778","1449433.7777777778","75.24235099999999","78.15038499999999"
"1604156577","1449413.857142857","1449366.142857143","1449461.5714285714","62.10656199999998","51.50559699999999"
"1604156578","1449322.4375","1449262.375","1449382.5","66.57814299999998","65.50454499999998"
"1604156579","1449321.7777777778","1449295.888888889","1449347.6666666667","58.88604599999997","52.15547099999999"
"1604156580","1449321.5","1449278.7142857143","1449364.2857142857","52.11497499999996","43.38801099999999"
"1604156581","1449404.7857142857","1449379.0","1449430.5714285714","44.13272899999996","50.91711299999998"
"1604156582","1449520.6875","1449486.5","1449554.875","46.634825999999975","46.72731399999998"
"1604156583","1449601.5","1449545.25","1449657.75","37.84833499999999","47.25658"
"1604156584","1449687.7777777778","1449640.4444444445","1449735.111111111","40.89702699999999","65.011254"
"1604156585","1449738.0","1449694.6666666667","1449781.3333333333","54.19915199999999","73.57626099999999"
"1604156586","1449803.4444444445","1449752.2222222222","1449854.6666666667","41.80450299999999","74.52476999999999"
"1604156587","1449811.5","1449784.0","1449839.0","18.601204999999997","40.590142"
"1604156588","1449805.4375","1449785.875","1449825.0","30.505540000000007","62.098855"
"1604156589","1449833.1666666667","1449798.0","1449868.3333333333","36.152738","77.34109400000001"
"1604156590","1449841.5","1449812.2222222222","1449870.7777777778","31.789042","71.71834999999999"
"1604156591","1449849.9375","1449809.375","1449890.5","29.279319","56.93998199999999"
"1604156592","1449857.8333333333","1449814.3333333333","1449901.3333333333","32.20394700000001","63.985991000000006"
"1604156593","1449912.6666666667","1449862.5","1449962.8333333333","28.831925","35.006069"
"1604156594","1450117.5","1450075.888888889","1450159.111111111","52.76021499999999","171.219419"
"1604156595","1450131.0625","1450067.125","1450195.0","37.525924999999994","161.374414"
"1604156596","1450082.9375","1450032.625","1450133.25","45.11680399999999","149.86736399999998"
"1604156597","1450012.9444444445","1449976.111111111","1450049.7777777778","57.20826099999999","59.997778999999994"
"1604156598","1450003.6875","1449969.375","1450038.0","48.019604","43.37519400000001"
"1604156599","1449984.7","1449938.4","1450031.0","59.94096999999999","56.498968000000005"
"1604156600","1449921.4285714286","1449878.142857143","1449964.7142857143","41.111598","48.31021499999999"
"1604156601","1449722.2","1449698.0","1449746.4","46.706213999999996","85.685664"
"1604156602","1449702.625","1449683.0","1449722.25","72.12886099999999","137.271377"
"1604156603","1449846.875","1449824.0","1449869.75","31.891754999999996","52.68638499999999"
"1604156604","1449471.4","1449449.4","1449493.4","85.887243","37.12100799999999"
"1604156605","1449728.7142857143","1449666.4285714286","1449791.0","73.911319","31.596544999999995"
"1604156606","1449819.4444444445","1449793.111111111","1449845.7777777778","107.68459599999997","85.26705700000002"
"1604156607","1449932.5","1449890.75","1449974.25","70.01910499999997","151.947244"
"1604156608","1449931.5","1449888.0","1449975.0","68.22706899999997","124.17194400000001"
"1604156609","1449945.75","1449905.5","1449986.0","74.90837299999998","189.72752"
"1604156610","1449894.6666666667","1449832.0","1449957.3333333333","78.313577","162.72518700000003"
"1604156611","1449884.4375","1449835.5","1449933.375","67.996392","62.601889"
"1604156612","1449908.388888889","1449872.5555555555","1449944.2222222222","86.34040199999998","118.95673800000002"
"1604156613","1450026.6875","1450003.5","1450049.875","69.91626799999999","102.90609599999999"
"1604156614","1450042.1875","1450009.625","1450074.75","68.55949799999999","140.27859900000004"
"1604156615","1449992.3333333333","1449958.0","1450026.6666666667","73.30207899999998","154.84525100000002"
"1604156616","1449989.5","1449958.0","1450021.0","46.595403999999995","103.44504"
"1604156617","1449992.9444444445","1449964.888888889","1450021.0","67.88420099999999","168.98395000000002"
"1604156618","1449993.4375","1449958.0","1450028.875","58.351056","158.889822"
"1604156619","1450000.0","1449958.0","1450042.0","81.95146999999999","196.17817"
"1604156620","1449985.4444444445","1449942.6666666667","1450028.2222222222","90.15005599999999","168.113812"
"1604156621","1449971.375","1449933.25","1450009.5","94.92826099999999","144.922073"
"1604156622","1450042.3125","1450011.125","1450073.5","97.99418899999998","141.75389700000002"
"1604156623","1449964.142857143","1449902.2857142857","1450026.0","88.08755699999999","124.23956800000002"
"1604156624","1450034.111111111","1449969.2222222222","1450099.0","99.87873000000002","177.29448600000003"
"1604156625","1449992.6666666667","1449950.6666666667","1450034.6666666667","105.46739100000002","174.70032500000002"
"1604156626","1449926.9285714286","1449900.2857142857","1449953.5714285714","85.79254599999999","92.81682500000001"
"1604156627","1449905.5","1449851.625","1449959.375","76.52328099999998","46.535817999999985"
"1604156628","1449792.111111111","1449741.6666666667","1449842.5555555555","84.06170499999999","50.369557"
"1604156629","1449720.9","1449669.3","1449772.5","119.44297499999998","34.974344"
"1604156630","1449662.5714285714","1449624.142857143","1449701.0","62.77265699999999","73.002918"
"1604156631","1449555.0555555555","1449525.3333333333","1449584.7777777778","48.42913599999999","120.773017"
"1604156632","1449528.25","1449502.125","1449554.375","39.08160999999999","82.540942"
"1604156633","1449661.1875","1449643.875","1449678.5","44.66730499999998","114.66861399999999"
"1604156634","1449765.125","1449747.125","1449783.125","46.28317399999998","129.06976799999998"
"1604156635","1449786.875","1449762.0","1449811.75","46.290181999999994","102.32405700000001"
"1604156636","1449714.75","1449694.125","1449735.375","43.339149","129.704401"
"1604156637","1449656.611111111","1449620.0","1449693.2222222222","46.848898999999996","129.636222"
"1604156638","1449688.0714285714","1449655.7142857143","1449720.4285714286","36.908561","134.37829499999998"
"1604156639","1449688.0555555555","1449664.2222222222","1449711.888888889","48.542662","68.96742599999999"
"1604156640","1449564.0625","1449511.5","1449616.625","43.24334900000001","48.248158000000004"
"1604156641","1449423.0625","1449385.375","1449460.75","43.794874","102.63152199999996"
"1604156642","1449423.8333333333","1449404.7777777778","1449442.888888889","37.573919000000004","122.82516599999997"
"1604156643","1449333.7142857143","1449272.857142857","1449394.5714285714","33.11817599999999","84.74683599999997"
"1604156644","1449332.0","1449285.3333333333","1449378.6666666667","47.01391399999999","31.969735"
"1604156645","1449563.75","1449435.0","1449692.5","46.493185","34.48993599999999"
"1604156646","1449698.0714285714","1449654.0","1449742.142857143","44.05592799999999","66.60153500000001"
"1604156647","1449896.0625","1449826.875","1449965.25","49.63710899999998","142.76016099999998"
"1604156648","1449950.1875","1449858.5","1450041.875","36.99037699999998","153.97466699999998"
"1604156649","1449940.875","1449892.375","1449989.375","34.49192699999998","100.789717"
"1604156650","1449944.25","1449899.5","1449989.0","41.952620999999986","114.724537"
"1604156651","1449930.2857142857","1449876.5714285714","1449984.0","44.74281999999999","36.107985"
"1604156652","1449874.5","1449836.0","1449913.0","66.33612","25.327582999999997"
"1604156653","1449874.5","1449832.0","1449917.0","48.67518199999999","20.066299999999995"
"1604156654","1449815.0833333333","1449765.0","1449865.1666666667","48.776804","21.807373"
"1604156655","1449825.25","1449811.0","1449839.5","62.46827599999999","40.415541000000005"
"1604156656","1449872.8125","1449842.625","1449903.0","54.86440299999998","48.302157"
"1604156657","1449939.1875","1449887.375","1449991.0","48.76314399999997","58.709904"
"1604156658","1449947.0","1449903.0","1449991.0","51.19378599999997","61.12010399999999"
"1604156659","1449950.5555555555","1449903.0","1449998.111111111","58.93297599999996","60.662527999999995"
"1604156660","1449946.5","1449902.2222222222","1449990.7777777778","63.48702099999998","51.098878000000006"
"1604156661","1449933.1666666667","1449896.0","1449970.3333333333","74.834261","43.566807000000004"
"1604156662","1449940.2142857143","1449896.0","1449984.4285714286","58.788933","33.008234000000016"
"1604156663","1449942.5","1449896.0","1449989.0","69.63","39.587356"
"1604156664","1449900.5555555555","1449871.0","1449930.111111111","76.373684","45.222819"
"1604156665","1449854.8","1449838.6","1449871.0","42.46159599999999","20.006404999999997"
"1604156666","1449915.5","1449886.375","1449944.625","60.450995999999996","35.758463000000006"
"1604156667","1449975.75","1449958.5","1449993.0","34.84303299999999","35.183524000000006"
"1604156668","1449960.875","1449907.0","1450014.75","46.220834999999994","48.09914800000001"
"1604156669","1449975.3333333333","1449922.7777777778","1450027.888888889","72.21882699999999","54.89968400000001"
"1604156670","1449989.3333333333","1449931.6666666667","1450047.0","69.77662699999999","52.98975300000001"
"1604156671","1449989.25","1449934.75","1450043.75","52.159468999999994","73.499336"
"1604156672","1449944.5625","1449914.375","1449974.75","62.12966399999999","64.273009"
"1604156673","1449824.7857142857","1449777.5714285714","1449872.0","57.727335999999994","79.22854899999999"
"1604156674","1449540.4","1449499.4","1449581.4","40.91822200000001","76.09150099999998"
"1604156675","1449528.111111111","1449493.7777777778","1449562.4444444445","84.917321","139.559093"
"1604156676","1449482.6666666667","1449428.3333333333","1449537.0","83.491855","61.772988"
"1604156677","1449453.142857143","1449384.142857143","1449522.142857143","80.094106","32.826364"
"1604156678","1449484.2857142857","1449423.142857143","1449545.4285714286","54.290586999999995","39.772637"
"1604156679","1449501.5714285714","1449451.142857143","1449552.0","51.12698","36.845545"
"1604156680","1449444.0","1449402.5","1449485.5","43.233534000000006","46.159469"
"1604156681","1449541.3333333333","1449512.5","1449570.1666666667","32.134973","40.06588"
"1604156682","1449636.388888889","1449603.888888889","1449668.888888889","38.446580000000004","71.453233"
"1604156683","1449698.9166666667","1449656.1666666667","1449741.6666666667","24.044952000000002","97.353674"
"1604156684","1449737.3333333333","1449713.6666666667","1449761.0","21.639103","91.03034399999999"
"1604156685","1449741.7857142857","1449731.857142857","1449751.7142857143","26.287772","110.83132199999996"
"1604156686","1449683.6","1449652.8","1449714.4","23.046985000000003","73.44926299999999"
"1604156687","1449195.0","1448964.0","1449426.0","5.352930999999999","18.390069999999998"
"1604156688","1449088.5","1448751.0","1449426.0","7.9991499999999975","7.696281999999997"
"1604156689","1448891.25","1448525.25","1449257.25","48.78610200000001","50.78211099999999"
"1604156690","1448836.875","1448712.5","1448961.25","40.25121300000001","32.857"
"1604156691","1448359.8333333333","1448243.3333333333","1448476.3333333333","43.81472299999999","22.883568"
"1604156692","1448416.375","1448361.5","1448471.25","90.74292099999998","22.935939999999995"
"1604156693","1448518.9285714286","1448428.5714285714","1448609.2857142857","137.53690899999998","48.90789699999999"
"1604156694","1448530.125","1448441.75","1448618.5","132.23992399999995","159.56641100000002"
"1604156695","1448597.5","1448501.0","1448694.0","12.835313999999997","6.785529999999999"
"1604156696","1448817.0","1448654.0","1448980.0","6.3253140000000005","8.913820999999995"
"1604156697","1448846.3333333333","1448791.6666666667","1448901.0","20.088918999999994","42.175675999999996"
"1604156698","1448957.0","1448926.0","1448988.0","34.285768","74.38658099999999"
"1604156699","1449019.0","1448986.3333333333","1449051.6666666667","45.178455","77.898329"
"1604156700","1449171.357142857","1449132.2857142857","1449210.4285714286","95.83314599999999","129.030057"
"1604156701","1449373.7","1449304.6","1449442.8","28.55839599999999","81.28174399999999"
"1604156702","1449509.8125","1449454.625","1449565.0","36.43101199999999","68.88968899999999"
"1604156703","1449523.875","1449451.875","1449595.875","30.76449899999999","55.11604"
"1604156704","1449536.611111111","1449507.888888889","1449565.3333333333","61.30195","55.215158"
"1604156705","1449481.8333333333","1449422.5","1449541.1666666667","45.885301000000005","42.177329"
"1604156706","1449321.357142857","1449276.142857143","1449366.5714285714","49.47616099999999","87.05122899999996"
"1604156707","1449144.7142857143","1449088.2857142857","1449201.142857143","37.58784899999999","123.90371299999998"
"1604156708","1449246.375","1449207.375","1449285.375","49.65863399999998","132.041823"
"1604156709","1449374.0625","1449316.375","1449431.75","35.81138399999999","110.16377999999999"
"1604156710","1449426.4166666667","1449387.0","1449465.8333333333","27.77122599999999","49.34000299999998"
"1604156711","1449465.0","1449435.0","1449495.0","8.356023999999998","16.373416"
"1604156712","1449162.75","1448960.5","1449365.0","19.060423999999998","13.699219"
"1604156713","1449041.75","1448995.1666666667","1449088.3333333333","43.26172699999999","86.411388"
"1604156714","1448928.85","1448867.6","1448990.1","68.60515199999999","165.30474199999998"
"1604156715","1448951.5625","1448921.375","1448981.75","43.319589999999984","123.87614199999997"
"1604156716","1448995.0","1448967.25","1449022.75","20.43983099999999","82.79950500000001"
"1604156717","1448768.9285714286","1448685.5714285714","1448852.2857142857","42.751450999999996","117.472286"
"1604156718","1448867.375","1448855.875","1448878.875","47.41481199999999","73.409855"
"1604156719","1448868.388888889","1448810.3333333333","1448926.4444444445","61.53225199999999","83.09683499999998"
"1604156720","1448875.125","1448803.5","1448946.75","53.709452","82.09882599999999"
"1604156721","1448888.2857142857","1448807.0","1448969.5714285714","43.249219000000004","59.405906999999985"
"1604156722","1448904.6875","1448848.5","1448960.875","84.63928699999998","80.027054"
"1604156723","1448895.375","1448836.0","1448954.75","101.96022799999997","66.69218"
"1604156724","1448789.5","1448740.0","1448839.0","97.74358899999997","62.19353099999999"
"1604156725","1448790.875","1448730.0","1448851.75","83.16275499999998","62.106574999999985"
"1604156726","1448812.625","1448759.5","1448865.75","54.119161999999974","71.031429"
"1604156727","1448812.3125","1448711.5","1448913.125","71.36431899999997","68.90872299999998"
"1604156728","1448849.3125","1448775.25","1448923.375","87.00877199999998","69.91289799999997"
"1604156729","1448945.9285714286","1448909.7142857143","1448982.142857143","52.80004599999999","66.42350699999999"
"1604156730","1449253.75","1449223.75","1449283.75","37.64742599999999","28.37589299999999"
"1604156731","1449345.1666666667","1449336.8333333333","1449353.5","43.68832399999999","104.18908599999999"
"1604156732","1449427.25","1449414.5","1449440.0","38.82143499999999","32.884899999999995"
"1604156733","1449513.857142857","1449488.142857143","1449539.5714285714","47.042642999999984","44.183919"
"1604156734","1449480.6875","1449452.125","1449509.25","61.31744799999999","41.803422000000005"
"1604156735","1449512.3125","1449482.75","1449541.875","58.270622","49.332161000000006"
"1604156736","1449450.7857142857","1449436.142857143","1449465.4285714286","56.893333999999996","41.282228"
"1604156737","1449472.3333333333","1449419.0","1449525.6666666667","60.46982299999999","55.47772300000001"
"1604156738","1449438.0625","1449411.25","1449464.875","50.507180999999996","52.84851999999999"
"1604156739","1449381.5625","1449330.0","1449433.125","52.773197999999994","49.749323"
"1604156740","1449398.2777777778","1449348.4444444445","1449448.111111111","45.828706999999994","60.423632999999995"
"1604156742","1448899.6","1448796.0","1449003.2","45.33876099999999","61.99491199999999"
"1604156743","1448914.3333333333","1448877.111111111","1448951.5555555555","62.16510899999997","123.48459500000003"
"1604156744","1448878.375","1448853.875","1448902.875","52.879429999999985","156.98932100000005"
"1604156745","1448908.125","1448856.5","1448959.75","25.913307999999997","46.794878"
"1604156746","1449091.6","1449055.6","1449127.6","47.14551799999998","88.741377"
"1604156747","1449154.0","1449106.0","1449202.0","45.38500299999998","139.65443500000006"
"1604156748","1449206.2142857143","1449169.2857142857","1449243.142857143","44.128324","139.40140400000004"
"1604156749","1449131.625","1449085.0","1449178.25","30.335383","76.77900800000002"
"1604156750","1448621.4166666667","1448506.1666666667","1448736.6666666667","54.62691899999999","90.21571800000001"
"1604156751","1448345.875","1448184.0","1448507.75","56.081848999999984","79.97471200000001"
"1604156752","1448279.1","1448240.4","1448317.8","58.59656799999998","108.34967800000001"
"1604156753","1448184.5","1448146.888888889","1448222.111111111","98.41986299999996","164.20699700000006"
"1604156754","1448127.0","1448030.6","1448223.4","58.099840999999984","86.54998200000001"
"1604156755","1448055.2222222222","1448037.0","1448073.4444444445","95.152256","152.64605"
"1604156756","1448063.8125","1448007.25","1448120.375","65.377265","146.10367600000004"
"1604156757","1447971.125","1447905.625","1448036.625","55.21924999999999","119.16086899999999"
"1604156758","1447635.75","1447519.0","1447752.5","17.457894000000003","27.020444000000005"
"1604156759","1447563.125","1447489.25","1447637.0","25.69128099999999","87.81511400000002"
"1604156760","1447639.125","1447555.25","1447723.0","54.08589099999999","55.80066400000001"
"1604156761","1447675.25","1447568.25","1447782.25","41.942116999999996","48.60706300000001"
"1604156762","1447730.8333333333","1447685.6666666667","1447776.0","33.512836","23.559992999999995"
"1604156763","1447937.6","1447860.0","1448015.2","47.721394999999994","38.32918799999998"
"1604156764","1448185.5714285714","1448164.7142857143","1448206.4285714286","52.81363499999999","46.87885799999999"
"1604156765","1448377.375","1448344.75","1448410.0","79.664238","62.06684799999997"
"1604156766","1448411.625","1448381.125","1448442.125","74.711502","46.303152"
"1604156767","1448445.3","1448408.0","1448482.6","41.784903","33.571481"
"1604156768","1448664.9444444445","1448645.0","1448684.888888889","37.53423799999999","70.047674"
"1604156769","1448728.3333333333","1448701.0","1448755.6666666667","24.817771999999994","47.130432"
"1604156770","1448643.5833333333","1448591.5","1448695.6666666667","26.07139999999999","47.611493999999986"
"1604156771","1448499.1666666667","1448478.0","1448520.3333333333","34.00168599999999","23.038361999999996"
"1604156772","1448440.75","1448385.875","1448495.625","78.07071099999999","68.48830699999999"
"1604156773","1448321.6875","1448302.375","1448341.0","86.50049299999998","67.680531"
"1604156774","1448226.0","1448201.75","1448250.25","91.53334899999999","56.793663999999985"
"1604156775","1448329.55","1448270.6","1448388.5","106.81054599999997","85.312141"
"1604156776","1448519.4285714286","1448500.2857142857","1448538.5714285714","87.33912299999997","60.26528099999997"
"1604156777","1448558.125","1448533.0","1448583.25","76.02168599999996","63.700967999999975"
"1604156778","1448440.9375","1448398.0","1448483.875","100.88192099999999","57.920389999999976"
"1604156779","1448629.75","1448570.125","1448689.375","77.76985899999998","54.822423"
"1604156780","1448723.8125","1448677.5","1448770.125","57.25675899999999","79.91091299999998"
"1604156781","1448665.5","1448623.0","1448708.0","62.432010999999996","78.94731099999998"
"1604156782","1448716.642857143","1448675.5714285714","1448757.7142857143","32.789047999999994","46.204732999999976"
"1604156783","1448661.125","1448611.625","1448710.625","60.40179199999999","41.36762599999997"
"1604156784","1448555.8125","1448503.5","1448608.125","61.58518299999999","43.92898599999998"
"1604156785","1448534.05","1448497.5","1448570.6","77.36227799999999","53.14581099999998"
"1604156786","1448465.875","1448423.125","1448508.625","69.74487199999999","37.56642499999999"
"1604156787","1448427.4444444445","1448389.2222222222","1448465.6666666667","83.97816299999998","38.31136199999999"
"1604156788","1448490.4166666667","1448470.5","1448510.3333333333","52.28869499999999","24.881358"
"1604156789","1448540.2777777778","1448501.4444444445","1448579.111111111","61.97228399999997","49.64307600000001"
"1604156790","1448536.35","1448489.7","1448583.0","70.97114599999998","64.38159999999999"
"1604156791","1448569.3125","1448498.75","1448639.875","70.36133899999999","53.44572199999999"
"1604156792","1448573.1875","1448493.5","1448652.875","60.79657299999998","47.79427199999999"
"1604156793","1448388.2","1448308.8","1448467.6","39.249254999999984","36.49826699999999"
"1604156794","1448193.125","1448148.875","1448237.375","38.521707000000006","52.32373499999999"
"1604156795","1448180.5","1448144.0","1448217.0","37.712855999999995","63.589443"
"1604156796","1448284.125","1448257.875","1448310.375","32.76357199999999","55.65408599999999"
"1604156797","1448252.5555555555","1448202.3333333333","1448302.7777777778","41.827623","62.735492999999984"
"1604156798","1448035.6","1447945.0","1448126.2","34.926148","33.69072899999999"
"1604156799","1447771.3","1447701.0","1447841.6","44.01474599999999","21.521826999999995"
"1604156800","1447914.4444444445","1447863.6666666667","1447965.2222222222","56.99120600000002","59.287036999999984"
"1604156801","1447919.4444444445","1447878.111111111","1447960.7777777778","42.48517999999999","48.050928000000006"
"1604156802","1447981.9285714286","1447954.7142857143","1448009.142857143","40.39177199999999","43.54372000000001"
"1604156803","1448110.0714285714","1448069.5714285714","1448150.5714285714","35.85726299999998","55.120250999999996"
"1604156804","1448430.0","1448416.8","1448443.2","44.905165","51.77494999999999"
"1604156805","1448547.4444444445","1448518.3333333333","1448576.5555555555","54.201891999999994","60.44150799999998"
"1604156806","1448557.4444444445","1448516.3333333333","1448598.5555555555","45.073562","40.74087899999999"
"1604156807","1448422.5833333333","1448348.0","1448497.1666666667","37.41125799999999","33.744787999999986"
"1604156808","1448093.3333333333","1448054.1666666667","1448132.5","41.04606599999999","37.440203"
"1604156809","1447880.875","1447809.5","1447952.25","54.63198999999998","39.008571"
"1604156810","1447862.6666666667","1447820.111111111","1447905.2222222222","84.32212199999998","42.155915"
"1604156811","1448203.6666666667","1448153.2222222222","1448254.111111111","82.65720699999999","52.297571999999995"
"1604156812","1448268.3125","1448240.75","1448295.875","65.102678","48.43561099999998"
"1604156813","1448361.5555555555","1448315.0","1448408.111111111","54.298846","63.722833999999985"
"1604156814","1448402.5","1448322.0","1448483.0","35.401653999999986","41.92164399999999"
"1604156815","1448330.7222222222","1448278.888888889","1448382.5555555555","61.49672700000001","51.252216"
"1604156816","1448203.0","1448155.2857142857","1448250.7142857143","62.44129300000001","43.069326999999994"
"1604156817","1447802.5","1447709.142857143","1447895.857142857","39.104947999999986","58.65466999999998"
"1604156818","1447744.642857143","1447663.0","1447826.2857142857","33.009439","62.11129899999998"
"1604156819","1447709.1666666667","1447612.111111111","1447806.2222222222","38.19488799999999","79.31753899999995"
"1604156820","1447745.1666666667","1447693.2222222222","1447797.111111111","29.796629999999993","89.98960999999994"
"1604156821","1447744.142857143","1447697.5714285714","1447790.7142857143","22.667636999999996","74.82099399999998"
"1604156822","1447671.75","1447573.125","1447770.375","29.901004","63.844507"
"1604156823","1447642.5555555555","1447557.5555555555","1447727.5555555555","38.845071","66.13344899999998"
"1604156824","1447592.0","1447492.875","1447691.125","35.68500400000001","58.74647599999999"
"1604156825","1447636.142857143","1447605.5714285714","1447666.7142857143","25.66748999999999","49.23701199999999"
"1604156826","1447632.0","1447519.6666666667","1447744.3333333333","13.969559999999998","25.243869999999998"
"1604156827","1447855.625","1447818.25","1447893.0","51.81077799999999","34.19463599999999"
"1604156828","1447879.0","1447823.25","1447934.75","76.93119899999999","39.421181"
"1604156829","1447911.5","1447851.5","1447971.5","53.714575999999994","42.03106699999999"
"1604156830","1448123.8333333333","1447990.0","1448257.6666666667","46.73423799999999","50.98807099999998"
"1604156831","1448203.0","1448149.25","1448256.75","46.54797699999998","79.92099599999999"
"1604156832","1448195.4375","1448156.25","1448234.625","54.56851199999999","81.472927"
"1604156833","1448159.875","1448089.25","1448230.5","52.42309399999998","80.73604999999999"
"1604156834","1448151.5","1448111.0","1448192.0","44.78008","60.279794"
"1604156835","1448029.8","1448004.8","1448054.8","75.555","68.194268"
"1604156836","1448036.2142857143","1448015.5714285714","1448056.857142857","47.160999999999994","54.344449"
"1604156837","1448071.3125","1448027.875","1448114.75","50.90296899999997","66.620422"
"1604156838","1448091.5","1448055.125","1448127.875","76.238368","62.28482999999999"
"1604156839","1448031.3125","1447972.0","1448090.625","65.53315199999999","52.18466900000001"
"1604156840","1448015.8125","1447944.375","1448087.25","66.80182799999999","45.1881"
"1604156841","1447974.5625","1447930.5","1448018.625","54.64556399999998","46.102396"
"1604156842","1447915.642857143","1447863.0","1447968.2857142857","29.672034999999987","40.309363"
"1604156843","1447884.6666666667","1447854.0","1447915.3333333333","42.47687599999999","53.47595499999999"
"1604156844","1447802.3125","1447743.5","1447861.125","54.47431100000001","45.116869"
"1604156845","1447739.6666666667","1447719.6666666667","1447759.6666666667","58.85228099999999","30.503459999999993"
"1604156846","1447913.388888889","1447895.7777777778","1447931.0","61.89958399999999","49.229386999999996"
"1604156847","1448084.5625","1448059.875","1448109.25","65.84564499999999","51.95402"
"1604156848","1448111.7222222222","1448090.2222222222","1448133.2222222222","71.19680699999999","60.72570899999998"
"1604156849","1448117.0625","1448080.375","1448153.75","70.76472699999998","51.871474000000006"
"1604156850","1448111.4","1448073.4","1448149.4","90.93163599999997","60.254725"
"1604156851","1448096.2857142857","1448060.4285714286","1448132.142857143","60.65086999999999","36.112840000000006"
"1604156852","1448146.875","1448105.25","1448188.5","65.258286","44.64878600000001"
"1604156853","1448150.8333333333","1448132.0","1448169.6666666667","53.829767","51.017583000000016"
"1604156854","1448129.888888889","1448110.111111111","1448149.6666666667","44.245611","52.984787000000004"
"1604156855","1448223.5","1448139.0","1448308.0","11.725397999999998","17.834956"
"1604156856","1448473.2","1448421.0","1448525.4","70.95006999999998","30.072801999999996"
"1604156857","1448556.5","1448518.4285714286","1448594.5714285714","64.70103999999999","45.174215999999994"
"1604156858","1448442.25","1448408.0","1448476.5","60.24843800000001","37.625327999999996"
"1604156859","1448340.2857142857","1448304.857142857","1448375.7142857143","45.394882","18.969935"
"1604156860","1448416.2222222222","1448403.111111111","1448429.3333333333","65.69125899999999","31.317223000000002"
"1604156861","1448549.642857143","1448533.0","1448566.2857142857","64.19342199999998","37.330468999999994"
"1604156862","1448399.1666666667","1448344.6666666667","1448453.6666666667","26.59420499999999","19.325363999999997"
"1604156863","1448170.4285714286","1448137.857142857","1448203.0","39.17176","62.62424199999998"
"1604156864","1448028.9285714286","1447992.5714285714","1448065.2857142857","50.24336","35.42694399999999"
"1604156865","1448019.6","1447976.0","1448063.2","65.83492199999999","54.02905699999998"
"1604156866","1447989.357142857","1447941.2857142857","1448037.4285714286","36.882009","37.404018"
"1604156867","1448071.2222222222","1448045.4444444445","1448097.0","38.772890999999994","62.377595"
"1604156868","1448212.25","1448187.5","1448237.0","35.42565999999999","69.28249899999997"
"1604156869","1448233.6875","1448206.5","1448260.875","44.22496199999999","58.17634599999998"
"1604156870","1448274.0","1448233.7777777778","1448314.2222222222","79.76072599999998","63.38078499999998"
"1604156871","1448357.875","1448316.0","1448399.75","72.530636","64.12301599999998"
"1604156872","1448262.3125","1448245.25","1448279.375","45.63865799999998","58.951288"
"1604156873","1448176.0833333333","1448119.1666666667","1448233.0","37.10596199999998","27.738270999999994"
"1604156874","1448447.5","1448367.6666666667","1448527.3333333333","36.51377699999999","45.72073799999998"
"1604156875","1448506.5","1448426.3","1448586.7","69.6059","84.66891599999998"
"1604156876","1448541.75","1448457.5","1448626.0","57.04364799999999","41.923662"
"1604156877","1448568.5","1448534.0","1448603.0","67.434777","28.111582"
"1604156878","1448546.75","1448521.5","1448572.0","35.71732","15.096972999999998"
"1604156879","1448328.3125","1448288.25","1448368.375","67.65103799999997","38.594982999999985"
"1604156880","1448367.25","1448280.9","1448453.6","66.89714799999997","51.09922499999999"
"1604156881","1448442.8125","1448394.875","1448490.75","38.285367999999984","52.27908999999999"
"1604156882","1448247.0625","1448173.875","1448320.25","43.731809","53.293556999999986"
"1604156883","1447858.375","1447787.0","1447929.75","61.507912999999995","65.214799"
"1604156884","1447766.625","1447664.5","1447868.75","31.76253999999999","29.988299000000005"
"1604156885","1447499.0","1447480.5","1447517.5","41.29731899999998","57.78038599999999"
"1604156886","1447434.2222222222","1447427.3333333333","1447441.111111111","50.61497699999999","71.56566499999998"
"1604156887","1447468.5","1447423.7142857143","1447513.2857142857","36.586421999999985","54.38447999999998"
"1604156888","1447583.111111111","1447567.888888889","1447598.3333333333","39.62802199999999","74.82406599999999"
"1604156889","1447631.4166666667","1447554.6666666667","1447708.1666666667","28.817685999999988","65.22397899999999"
"1604156890","1447765.6666666667","1447684.3333333333","1447847.0","73.00447199999998","88.28484499999998"
"1604156891","1447761.0","1447696.2857142857","1447825.7142857143","37.205053999999976","63.25699999999999"
"1604156892","1447969.7857142857","1447920.2857142857","1448019.2857142857","38.67336099999999","71.06534999999998"
"1604156893","1448052.5","1447974.0","1448131.0","34.587272999999996","32.996976000000004"
"1604156894","1447598.5","1447471.0","1447726.0","5.703449999999997","9.771525999999998"
"1604156895","1447420.75","1447182.0","1447659.5","14.469886999999998","33.89642"
"1604156896","1446961.3333333333","1446716.3333333333","1447206.3333333333","22.52668299999999","37.149747"
"1604156897","1446346.5833333333","1446215.0","1446478.1666666667","60.885436","104.223228"
"1604156898","1446489.3333333333","1446214.6666666667","1446764.0","36.02597","50.659694"
"1604156899","1446573.2","1446418.8","1446727.6","56.188065999999985","85.59159799999999"
"1604156902","1446619.25","1446595.0","1446643.5","21.546457999999998","34.086439"
"1604156903","1446703.5","1446649.5","1446757.5","19.553393","29.546744000000004"
"1604156904","1446543.75","1446461.75","1446625.75","40.564564","79.00648799999999"
"1604156905","1446387.5714285714","1446321.7142857143","1446453.4285714286","72.324491","86.91979500000001"
"1604156906","1446335.4166666667","1446298.6666666667","1446372.1666666667","43.658961999999995","54.745309"
"1604156907","1446375.4285714286","1446338.7142857143","1446412.142857143","51.20405600000001","79.279111"
"1604156908","1446176.8333333333","1446110.6666666667","1446243.0","28.889681000000003","29.834880999999996"
"1604156909","1445880.8333333333","1445801.6666666667","1445960.0","29.65843599999998","51.910571999999995"
"1604156910","1445770.0","1445745.5714285714","1445794.4285714286","73.35730399999997","94.00365299999999"
"1604156911","1445553.5833333333","1445470.5","1445636.6666666667","48.25562199999999","78.52875399999998"
"1604156912","1445622.0","1445588.8333333333","1445655.1666666667","52.01047999999998","82.75529599999999"
"1604156913","1445801.0","1445722.0","1445880.0","19.384107999999994","35.439499"
"1604156914","1445955.5","1445943.6666666667","1445967.3333333333","25.84296599999999","30.948883999999985"
"1604156915","1445924.1666666667","1445897.1666666667","1445951.1666666667","46.87019499999999","41.26114199999999"
"1604156916","1445972.142857143","1445928.142857143","1446016.142857143","47.777782","68.30971399999996"
"1604156917","1445846.4444444445","1445810.5555555555","1445882.3333333333","70.374318","76.49565"
"1604156918","1445591.4166666667","1445542.8333333333","1445640.0","75.96883899999999","43.25840899999999"
"1604156919","1445456.0","1445405.0","1445507.0","79.05013699999999","33.544960999999994"
"1604156920","1445839.5","1445641.0","1446038.0","16.787959999999998","9.813897999999998"
"1604156921","1445940.5","1445782.0","1446099.0","23.28291800000001","9.662393999999999"
"1604156922","1445949.3333333333","1445848.1666666667","1446050.5","118.853311","85.95799700000002"
"1604156923","1446040.0833333333","1445999.5","1446080.6666666667","54.316331","96.26917999999998"
"1604156924","1446112.5555555555","1446062.5555555555","1446162.5555555555","43.730529","118.81789699999997"
"1604156925","1446060.3125","1446045.75","1446074.875","40.469688000000005","103.26128200000001"
"1604156926","1446156.125","1446052.125","1446260.125","38.904479","103.46655699999997"
"1604156927","1446205.0","1446184.857142857","1446225.142857143","30.679599999999994","61.101305999999965"
"1604156930","1446408.5","1446043.0","1446774.0","5.573919999999998","8.124492999999996"
"1604156931","1446635.0","1446458.0","1446812.0","21.636548","6.242241999999999"
"1604156933","1446874.0","1446723.4","1447024.6","110.68349700000003","46.216122999999996"
"1604156934","1446995.7","1446742.6","1447248.8","93.688184","42.095913999999986"
"1604156935","1447014.0","1446832.75","1447195.25","47.38157100000001","37.057209"
"1604156936","1447024.0","1447031.0","1447017.0","15.229409999999998","20.587719999999997"
"1604156937","1447231.9166666667","1447186.6666666667","1447277.1666666667","46.932126999999994","59.05603800000001"
"1604156938","1447286.3125","1447228.75","1447343.875","56.229292","77.34996699999999"
"1604156939","1447224.6","1447208.4","1447240.8","37.423320000000004","50.88529699999998"
"1604156940","1447254.125","1447238.125","1447270.125","74.70854699999998","73.09714299999997"
"1604156941","1447490.625","1447460.375","1447520.875","72.00107999999997","67.373459"
"1604156942","1447463.8333333333","1447412.5","1447515.1666666667","34.35951299999999","49.29105"
"1604156943","1447456.2142857143","1447391.5714285714","1447520.857142857","63.684104","49.06817699999999"
"1604156944","1447527.6875","1447473.75","1447581.625","41.631646","55.685802999999986"
"1604156945","1447601.1666666667","1447582.0","1447620.3333333333","42.220893999999994","63.59107999999998"
"1604156946","1447606.375","1447570.25","1447642.5","52.678117","53.74741499999998"
"1604156947","1447662.5714285714","1447625.142857143","1447700.0","35.94910699999999","43.56998199999999"
"1604156948","1447620.625","1447585.25","1447656.0","58.4741","46.37960599999998"
"1604156949","1447651.5","1447611.2857142857","1447691.7142857143","72.2885","44.63793299999998"
"1604156950","1447632.625","1447599.25","1447666.0","61.84113500000001","51.32942399999998"
"1604156951","1447585.5625","1447560.625","1447610.5","66.510351","46.89234399999999"
"1604156952","1447562.875","1447526.0","1447599.75","70.02323600000003","43.101671999999986"
"1604156953","1447581.4","1447499.6","1447663.2","42.732538","31.73152"
"1604156954","1447521.6875","1447497.375","1447546.0","74.186357","52.444292000000004"
"1604156955","1447444.0714285714","1447397.2857142857","1447490.857142857","70.378535","43.794183"
"1604156956","1447414.3333333333","1447351.0","1447477.6666666667","75.731986","54.945432"
"1604156957","1447283.5","1447205.0","1447362.0","14.950178999999997","10.943513999999995"
"1604156958","1447103.0","1447025.0","1447181.0","3.3659179999999997","7.564956999999998"
"1604156959","1446846.0","1446774.2","1446917.8","60.70096199999998","42.68820999999999"
"1604156960","1446614.4166666667","1446546.1666666667","1446682.6666666667","42.32099799999999","42.45141899999998"
"1604156961","1446407.5833333333","1446389.6666666667","1446425.5","29.976263999999993","49.249789999999976"
"1604156962","1446352.75","1446323.625","1446381.875","44.58630899999999","53.24875299999999"
"1604156963","1446573.7222222222","1446564.5555555555","1446582.888888889","61.05193599999998","66.25633799999999"
"1604156964","1446562.2777777778","1446535.6666666667","1446588.888888889","69.55985","67.054098"
"1604156965","1446486.111111111","1446459.3333333333","1446512.888888889","70.88657","54.20435599999999"
"1604156966","1446527.857142857","1446478.7142857143","1446577.0","56.910996","48.25024"
"1604156967","1446642.5555555555","1446584.4444444445","1446700.6666666667","45.54525699999999","68.31578499999996"
"1604156968","1446694.125","1446666.75","1446721.5","32.96104699999999","47.58711399999998"
"1604156969","1446762.0625","1446723.5","1446800.625","28.284298999999994","45.84927199999998"
"1604156970","1446876.9166666667","1446815.6666666667","1446938.1666666667","21.315882","46.59263399999999"
"1604156971","1446834.7222222222","1446799.0","1446870.4444444445","32.13675299999999","51.043009999999995"
"1604156972","1446627.4285714286","1446563.0","1446691.857142857","45.88672299999999","39.47174499999998"
"1604156973","1446628.5","1446567.4285714286","1446689.5714285714","45.14270099999999","36.00688799999999"
"1604156974","1446665.75","1446647.6666666667","1446683.8333333333","35.60417899999999","34.15121199999999"
"1604156975","1446441.5","1446349.3333333333","1446533.6666666667","14.265887999999999","17.67792699999999"
"1604156976","1446101.8","1445944.6","1446259.0","35.155242","48.41072100000001"
"1604156977","1445960.7142857143","1445909.4285714286","1446012.0","32.30627399999998","45.42426199999999"
"1604156978","1446033.5","1445969.6666666667","1446097.3333333333","26.469754999999992","41.41985499999999"
"1604156979","1446300.3333333333","1446287.3333333333","1446313.3333333333","35.44869099999999","50.665853"
"1604156980","1446321.2777777778","1446287.7777777778","1446354.7777777778","39.837844999999994","80.28572099999998"
"1604156981","1446389.1666666667","1446362.2222222222","1446416.111111111","39.543222","72.36195799999997"
"1604156982","1446712.0","1446656.0","1446768.0","50.87194799999999","41.410437999999985"
"1604156983","1446875.9375","1446863.0","1446888.875","70.47043099999999","61.99602899999996"
"1604156984","1446871.8125","1446851.0","1446892.625","47.99607799999998","42.08600399999999"
"1604156985","1446838.4","1446814.2","1446862.6","53.26796299999998","40.715443"
"1604156986","1446792.625","1446777.125","1446808.125","47.785962","30.669684999999998"
"1604156987","1446881.7142857143","1446842.7142857143","1446920.7142857143","42.713387999999995","34.222007000000005"
"1604156988","1446993.25","1446951.5","1447035.0","37.207371999999985","37.805966999999995"
"1604156989","1447031.9375","1446929.0","1447134.875","34.99437399999999","46.337405999999994"
"1604156990","1446960.142857143","1446919.2857142857","1447001.0","34.82026099999999","38.209367"
"1604156991","1447087.0","1446839.0","1447335.0","6.8947059999999984","5.955661999999998"
"1604156992","1446577.5","1446503.0","1446652.0","42.260808","59.088367000000005"
"1604156993","1446614.0","1446590.0","1446638.0","16.854774","24.490758999999997"
"1604156994","1446793.75","1446767.3333333333","1446820.1666666667","39.528394999999996","44.758720999999994"
"1604156995","1446875.25","1446863.75","1446886.75","56.359303999999966","59.740116"
"1604156996","1446919.142857143","1446899.142857143","1446939.142857143","40.90982099999998","51.713754"
"1604156997","1446931.8125","1446914.75","1446948.875","46.60112799999998","49.51563199999999"
"1604156998","1446897.5","1446856.25","1446938.75","50.22911699999998","47.523445999999986"
"1604156999","1446843.2142857143","1446779.5714285714","1446906.857142857","45.669827","37.90897099999999"
"1604157000","1446628.5","1446608.5","1446648.5","63.50786000000001","30.94308899999999"
"1604157001","1446609.5","1446559.2222222222","1446659.7777777778","78.25080299999999","36.617920999999996"
"1604157002","1446448.0","1446384.8","1446511.2","39.78692199999999","18.651593"
"1604157003","1446379.875","1446318.5","1446441.25","37.04469199999998","32.051708"
"1604157004","1446320.125","1446283.25","1446357.0","36.95036999999999","30.01434199999999"
"1604157005","1446274.9166666667","1446212.0","1446337.8333333333","36.44925699999999","20.422673999999994"
"1604157006","1446301.9","1446232.4","1446371.4","24.562682999999986","25.148977999999985"
"1604157007","1446663.125","1446555.75","1446770.5","31.502934999999997","37.212638"
"1604157008","1446634.0833333333","1446578.5","1446689.6666666667","46.47424399999998","51.96158399999999"
"1604157009","1446461.5","1446426.125","1446496.875","37.075414","41.26802699999998"
"1604157010","1446437.111111111","1446392.5555555555","1446481.6666666667","49.852163","41.21989999999998"
"1604157011","1446354.8125","1446284.375","1446425.25","52.292840999999996","39.63352499999999"
"1604157012","1446239.9","1446141.4","1446338.4","31.016538999999987","27.526668999999995"
"1604157013","1446304.7857142857","1446245.857142857","1446363.7142857143","33.017759999999996","51.08894099999999"
"1604157014","1446194.25","1446137.375","1446251.125","29.658062000000008","46.487607"
"1604157015","1446234.9285714286","1446144.857142857","1446325.0","28.266596","53.533879"
"1604157016","1446140.75","1446044.0","1446237.5","18.518779","35.837827999999995"
"1604157017","1446335.6666666667","1446303.6666666667","1446367.6666666667","36.03125799999998","26.304709999999996"
"1604157018","1446521.0","1446475.125","1446566.875","57.663415999999984","57.75958599999999"
"1604157019","1446571.125","1446539.625","1446602.625","41.71635599999999","39.51139199999998"
"1604157020","1446573.1666666667","1446508.0","1446638.3333333333","45.05143399999999","46.201159999999994"
"1604157021","1446565.5833333333","1446493.5","1446637.6666666667","30.515838","26.588411000000004"
"1604157022","1446484.8125","1446452.875","1446516.75","52.26317600000001","34.16572999999999"
"1604157023","1446495.611111111","1446455.3333333333","1446535.888888889","65.21351200000002","46.75947499999998"
"1604157024","1446247.9285714286","1446172.142857143","1446323.7142857143","68.14879499999998","30.814058999999993"
"1604157025","1446266.0","1446232.0","1446300.0","84.88869199999998","36.134996"
"1604157026","1446122.0714285714","1446072.0","1446172.142857143","34.43878900000001","28.088172"
"1604157027","1446024.0714285714","1445973.7142857143","1446074.4285714286","27.916033999999993","26.866588"
"1604157028","1445980.5","1445935.375","1446025.625","28.058813","35.937236"
"1604157029","1445967.3333333333","1445921.3333333333","1446013.3333333333","35.979147","37.84837"
"1604157030","1446031.5","1445993.0","1446070.0","27.657749","42.11544899999999"
"1604157031","1445942.5714285714","1445908.4285714286","1445976.7142857143","29.011897999999988","36.061955999999995"
"1604157032","1445921.0625","1445891.75","1445950.375","37.086581999999986","38.900955999999994"
"1604157033","1445960.111111111","1445926.5555555555","1445993.6666666667","33.632982999999996","50.605909"
"1604157034","1445918.2777777778","1445879.2222222222","1445957.3333333333","32.192269","49.829814999999996"
"1604157035","1445705.5","1445572.0","1445839.0","6.04837","5.983124999999999"
"1604157036","1445601.5","1445506.0","1445697.0","34.73906799999999","24.85939099999999"
"1604157037","1445580.7857142857","1445504.857142857","1445656.7142857143","61.084257999999984","30.46660399999999"
"1604157038","1445554.3125","1445497.375","1445611.25","61.28052499999998","29.58396799999999"
"1604157039","1445416.9285714286","1445385.4285714286","1445448.4285714286","44.442734999999985","23.823601999999998"
"1604157040","1445375.75","1445343.25","1445408.25","47.07114799999999","32.104299999999995"
"1604157041","1445458.75","1445423.625","1445493.875","37.88642399999999","63.05431799999998"
"1604157042","1445449.25","1445390.1666666667","1445508.3333333333","33.31164199999999","51.388036999999976"
"1604157043","1445406.9166666667","1445341.3333333333","1445472.5","39.617529999999995","48.404969999999985"
"1604157044","1445453.2857142857","1445442.0","1445464.5714285714","41.587081","69.66353799999999"
"1604157045","1445568.5714285714","1445558.142857143","1445579.0","63.80286799999999","60.794053999999996"
"1604157046","1445765.7857142857","1445742.142857143","1445789.4285714286","45.261187","45.02543199999998"
"1604157047","1445769.5833333333","1445739.3333333333","1445799.8333333333","44.938699","41.19211799999999"
"1604157048","1445878.2","1445800.0","1445956.4","33.346813","36.302637999999995"
"1604157049","1445778.375","1445729.125","1445827.625","62.40159399999999","51.014159"
"1604157050","1445804.2857142857","1445738.7142857143","1445869.857142857","44.020897999999995","30.810883999999998"
"1604157051","1445728.1875","1445676.75","1445779.625","43.39948999999999","28.300594000000004"
"1604157052","1445688.5625","1445663.875","1445713.25","40.07222099999999","39.093709000000004"
"1604157053","1445637.625","1445592.625","1445682.625","49.222879","38.364157"
"1604157054","1445702.8125","1445675.625","1445730.0","49.040369","34.63468599999999"
"1604157055","1445622.85","1445609.6","1445636.1","65.2008","51.94158799999999"
"1604157056","1445658.625","1445626.5","1445690.75","53.39081999999999","43.33002299999998"
"1604157057","1445602.6875","1445570.25","1445635.125","51.03635599999999","44.729655999999984"
"1604157058","1445466.6875","1445432.75","1445500.625","67.481028","52.47996899999998"
"1604157059","1445446.5555555555","1445401.4444444445","1445491.6666666667","75.30762999999999","56.00042899999998"
"1604157060","1445546.1875","1445495.625","1445596.75","59.36562099999999","55.566177999999994"
"1604157061","1445619.9","1445558.4","1445681.4","28.652841","32.53128199999999"
"1604157062","1445532.375","1445499.5","1445565.25","28.888391","36.37208599999999"
"1604157063","1445548.3333333333","1445505.888888889","1445590.7777777778","64.614173","65.37461999999998"
"1604157064","1445546.857142857","1445498.0","1445595.7142857143","44.03947699999999","49.34644400000001"
"1604157065","1445458.642857143","1445432.4285714286","1445484.857142857","56.22286699999999","47.660561"
"1604157066","1445637.388888889","1445596.5555555555","1445678.2222222222","64.39327299999998","72.327241"
"1604157067","1445650.4375","1445594.0","1445706.875","117.27904999999998","71.21476199999998"
"1604157068","1445656.0","1445605.0","1445707.0","98.817194","53.48617399999998"
"1604157069","1445784.0","1445605.0","1445963.0","17.064051","6.482576999999999"
"1604157070","1446102.1","1445939.2","1446265.0","78.45141899999999","30.753476999999982"
"1604157071","1446114.75","1446062.3333333333","1446167.1666666667","98.64770999999999","45.657475999999996"
"1604157072","1446220.8125","1446177.375","1446264.25","71.96693299999998","51.41063099999999"
"1604157073","1446237.2222222222","1446194.0","1446280.4444444445","70.618922","56.695140999999985"
"1604157074","1446251.5625","1446215.75","1446287.375","54.266856","50.24154499999999"
"1604157075","1446339.2222222222","1446320.6666666667","1446357.7777777778","53.816247999999995","48.924521"
"1604157076","1446423.3125","1446380.75","1446465.875","39.255605","38.102706"
"1604157077","1446490.5","1446392.0","1446589.0","76.33896999999999","59.23577999999999"
"1604157078","1446587.75","1446524.5","1446651.0","99.68534799999999","80.67873999999999"
"1604157079","1446602.642857143","1446537.142857143","1446668.142857143","51.26623","64.316301"
"1604157080","1446464.875","1446421.375","1446508.375","93.267186","61.32050799999999"
"1604157081","1446357.5","1446304.3333333333","1446410.6666666667","30.90295499999999","26.898916999999997"
"1604157082","1446502.625","1446404.75","1446600.5","44.85842799999999","64.829304"
"1604157083","1446515.857142857","1446477.4285714286","1446554.2857142857","43.349731000000006","65.38374999999999"
"1604157084","1446477.9285714286","1446463.0","1446492.857142857","115.35409100000001","55.526316"
"1604157085","1446612.625","1446590.75","1446634.5","229.69506000000007","66.167908"
"1604157086","1446704.357142857","1446665.0","1446743.7142857143","227.36513400000007","58.99797199999999"
"1604157087","1446713.0","1446670.8333333333","1446755.1666666667","198.28200300000006","41.26038700000001"
"1604157088","1446667.75","1446596.5","1446739.0","199.86825800000003","47.37634200000001"
"1604157089","1446700.8","1446617.0","1446784.6","158.71344200000004","45.180233"
"1604157090","1446640.5","1446601.0","1446680.0","99.719017","55.455742"
"1604157091","1446532.0833333333","1446491.5","1446572.6666666667","107.55072799999999","99.49246600000001"
"1604157092","1446374.1875","1446312.0","1446436.375","117.539278","66.86065299999999"
"1604157093","1446193.7142857143","1446119.5714285714","1446267.857142857","97.93427999999997","32.279015"
"1604157094","1446102.125","1446074.5","1446129.75","70.664715","46.860629999999986"
"1604157095","1445980.0","1445954.2222222222","1446005.7777777778","132.44651199999998","54.41899499999999"
"1604157096","1446009.7142857143","1445967.0","1446052.4285714286","92.02795599999999","40.479392"
"1604157097","1445867.5625","1445845.0","1445890.125","84.89397799999999","52.70637799999999"
"1604157098","1445642.125","1445558.25","1445726.0","31.381245999999994","24.248529999999995"
"1604157099","1445464.3333333333","1445374.6666666667","1445554.0","57.52114700000001","21.006822999999994"
"1604157100","1445323.2","1445218.4","1445428.0","85.58913000000001","20.885937999999996"
"1604157101","1445333.5","1445240.2","1445426.8","84.806155","22.904623999999995"
"1604157102","1445332.2","1445288.4","1445376.0","85.34119100000001","21.373531999999994"
"1604157103","1445498.375","1445438.25","1445558.5","34.270861999999994","24.653531999999995"
"1604157104","1445557.3125","1445492.75","1445621.875","43.46571499999998","72.66763699999998"
"1604157105","1445615.0555555555","1445548.2222222222","1445681.888888889","43.83060499999998","83.22926899999999"
"1604157106","1445660.8125","1445637.75","1445683.875","29.710623999999996","66.437738"
"1604157107","1445445.0","1445365.8","1445524.2","33.033591","31.488647999999994"
"1604157108","1445475.875","1445405.875","1445545.875","52.485428999999996","45.189578"
"1604157109","1445393.5","1445337.0","1445450.0","42.239021","27.914804999999998"
"1604157110","1445255.5","1445092.0","1445419.0","16.194356000000003","4.340771999999999"
"1604157111","1444975.7857142857","1444942.7142857143","1445008.857142857","66.02345199999998","77.71087600000001"
"1604157112","1444721.5833333333","1444670.3333333333","1444772.8333333333","53.29622199999999","50.452347999999986"
"1604157113","1444849.1666666667","1444753.3333333333","1444945.0","49.429735","48.571972999999986"
"1604157114","1444890.5","1444761.3333333333","1445019.6666666667","27.325197","20.278506999999994"
"1604157115","1444729.642857143","1444684.4285714286","1444774.857142857","67.130715","49.84393699999998"
"1604157116","1444769.0","1444716.5","1444821.5","52.693161","55.076200999999976"
"1604157117","1444723.125","1444630.875","1444815.375","56.991483","53.225267999999986"
"1604157118","1444773.6666666667","1444690.6666666667","1444856.6666666667","42.724043","36.615946999999984"
"1604157119","1444989.9","1444950.0","1445029.8","40.460648000000006","47.30347999999999"
"1604157120","1445005.8125","1444971.375","1445040.25","51.03143499999999","69.09991299999999"
"1604157121","1445011.357142857","1444942.4285714286","1445080.2857142857","44.137303","58.868139"
"1604157122","1445076.0","1445020.5","1445131.5","12.558033000000002","21.794204"
"1604157123","1445017.8","1444974.0","1445061.6","25.993171","40.17032299999999"
"1604157124","1444812.2142857143","1444709.142857143","1444915.2857142857","39.833132","37.48236499999999"
"1604157125","1444672.625","1444612.625","1444732.625","44.588578999999996","44.30461899999999"
"1604157126","1444607.25","1444546.1666666667","1444668.3333333333","43.641809999999985","32.96526999999999"
"1604157127","1444520.0","1444449.0","1444591.0","49.281221999999985","66.10575999999999"
"1604157128","1444643.5","1444555.0","1444732.0","55.048255999999995","92.858044"
"1604157129","1444735.8125","1444670.5","1444801.125","60.11860299999997","115.16323099999998"
"1604157130","1444840.7222222222","1444755.2222222222","1444926.2222222222","52.92370999999998","109.37921599999999"
"1604157131","1444764.3","1444686.0","1444842.6","28.76327099999999","58.979735"
"1604157132","1444724.642857143","1444645.7142857143","1444803.5714285714","56.13776999999999","84.14967000000001"
"1604157133","1444563.2142857143","1444510.0","1444616.4285714286","117.07361099999997","52.043921"
"1604157134","1444626.75","1444596.125","1444657.375","122.00708499999998","79.47089299999999"
"1604157135","1444686.9285714286","1444635.2857142857","1444738.5714285714","86.79173499999999","99.201422"
"1604157136","1444713.6875","1444647.75","1444779.625","85.62079399999999","108.91944899999999"
"1604157137","1444586.357142857","1444519.857142857","1444652.857142857","112.02271399999998","66.648799"
"1604157138","1444514.875","1444468.375","1444561.375","97.30011499999996","55.168655"
"1604157139","1444346.8333333333","1444324.8333333333","1444368.8333333333","94.715462","36.458116000000004"
"1604157140","1444442.3333333333","1444427.6666666667","1444457.0","82.009702","65.93018099999999"
"1604157141","1444466.3125","1444429.0","1444503.625","89.52312099999999","82.02115599999998"
"1604157142","1444455.25","1444393.75","1444516.75","115.179671","77.762711"
"1604157143","1444549.5714285714","1444492.857142857","1444606.2857142857","36.771396","82.33616400000001"
"1604157144","1444534.0555555555","1444513.0","1444555.111111111","43.442364","108.60781700000001"
"1604157145","1444449.125","1444393.0","1444505.25","24.965166000000004","32.352809"
"1604157146","1444540.0","1444478.8","1444601.2","56.136531000000005","49.83805299999999"
"1604157147","1444549.125","1444464.25","1444634.0","28.883444000000004","51.61072999999999"
"1604157148","1444598.75","1444567.0","1444630.5","91.265066","68.26112799999999"
"1604157149","1444479.857142857","1444418.5714285714","1444541.142857143","81.230277","61.47009899999998"
"1604157150","1444582.45","1444523.7","1444641.2","68.26059700000002","105.36716299999996"
"1604157151","1444573.9375","1444546.625","1444601.25","97.078732","84.572517"
"1604157152","1444574.6875","1444536.0","1444613.375","70.367888","80.781711"
"1604157153","1444566.375","1444536.75","1444596.0","43.03252500000001","36.16117099999999"
"1604157154","1444590.4166666667","1444557.5","1444623.3333333333","50.26552099999999","59.256576999999986"
"1604157155","1444603.9444444445","1444523.2222222222","1444684.6666666667","74.159605","79.35748399999999"
"1604157156","1444352.0","1444302.857142857","1444401.142857143","106.888125","27.388602000000002"
"1604157157","1444481.5833333333","1444370.0","1444593.1666666667","92.729546","42.3737"
"1604157158","1444674.0","1444448.5","1444899.5","17.240377","18.019945999999997"
"1604157159","1444635.7857142857","1444571.7142857143","1444699.857142857","58.72755699999998","60.86663499999999"
"1604157160","1444765.0","1444664.125","1444865.875","47.026392","83.71769399999998"
"1604157161","1444825.357142857","1444719.7142857143","1444931.0","35.25671399999999","70.37607699999998"
"1604157163","1445053.0","1444917.5","1445188.5","26.777390999999994","13.059001999999994"
"1604157164","1445164.9166666667","1445121.8333333333","1445208.0","46.04357799999999","29.867287999999984"
"1604157165","1445171.0","1444985.0","1445357.0","28.213735","14.758678999999999"
"1604157166","1445021.5833333333","1444947.1666666667","1445096.0","42.52682399999998","111.32871300000002"
"1604157167","1444916.8","1444873.0","1444960.6","53.37037499999999","45.263529"
"1604157168","1445013.0","1444950.857142857","1445075.142857143","49.286934","40.152149"
"1604157169","1444963.4375","1444934.25","1444992.625","39.44914599999999","52.593495000000004"
"1604157170","1444998.0555555555","1444916.2222222222","1445079.888888889","46.85719999999999","45.571111"
"1604157171","1445194.6875","1445055.75","1445333.625","28.0619","69.6929"
"1604157172","1445149.5","1445060.625","1445238.375","27.504399999999993","94.962113"
"1604157173","1445306.6875","1445255.75","1445357.625","46.296962","96.79182499999997"
"1604157174","1445264.8125","1445204.375","1445325.25","46.29368","78.74399099999997"
"1604157175","1445223.875","1445168.5","1445279.25","81.97928899999998","77.81348899999998"
"1604157176","1445196.9285714286","1445108.857142857","1445285.0","58.524959999999965","64.44949700000001"
"1604157177","1445297.0","1445170.8333333333","1445423.1666666667","48.66709199999998","60.908553999999995"
"1604157178","1445643.25","1445546.5","1445740.0","39.27710999999999","11.328843999999995"
"1604157179","1445719.125","1445639.5","1445798.75","65.76602399999999","27.143655999999996"
"1604157180","1446026.642857143","1445998.142857143","1446055.142857143","81.49594800000001","88.58223299999999"
"1604157181","1446153.5833333333","1446141.0","1446166.1666666667","100.25622300000005","78.648275"
"1604157182","1446271.5","1446179.0","1446364.0","58.221725","13.093525999999997"
"1604157183","1446493.75","1446434.5","1446553.0","153.32341300000002","18.789032999999993"
"1604157184","1446550.1","1446452.6","1446647.6","89.17137100000002","23.906926"
"1604157185","1446545.0","1446473.3333333333","1446616.6666666667","92.28771099999999","20.344790999999997"
"1604157186","1446782.0","1446764.5","1446799.5","120.461469","21.430061"
"1604157187","1446768.25","1446743.8333333333","1446792.6666666667","59.556822","26.531333999999994"
"1604157188","1446475.4","1446415.0","1446535.8","68.465384","40.757116999999994"
"1604157189","1446424.4","1446348.0","1446500.8","59.149077","54.815242000000005"
"1604157190","1446267.75","1446193.25","1446342.25","102.73320000000001","55.41568600000001"
"1604157191","1446150.125","1446131.5","1446168.75","97.21548000000004","43.706685"
"1604157192","1446063.5","1445987.4","1446139.6","106.76030400000002","38.193403999999994"
"1604157193","1445987.142857143","1445960.7142857143","1446013.5714285714","60.44648299999999","37.98704999999998"
"1604157194","1446198.25","1446148.1666666667","1446248.3333333333","53.279476999999986","36.086006999999995"
"1604157195","1446296.2777777778","1446234.888888889","1446357.6666666667","79.70402899999998","67.88937799999998"
"1604157196","1446344.0","1446261.2222222222","1446426.7777777778","77.84343999999999","66.53052"
"1604157197","1446494.875","1446432.5","1446557.25","44.28775099999999","69.65311299999998"
"1604157198","1446552.0","1446509.125","1446594.875","30.237161","76.02365699999999"
"1604157199","1446589.3125","1446551.0","1446627.625","32.315538999999994","75.95832699999998"
"1604157200","1446539.7777777778","1446449.888888889","1446629.6666666667","75.87043","77.39699599999997"
"1604157201","1446821.9285714286","1446775.4285714286","1446868.4285714286","62.91543899999998","47.646019999999986"
"1604157202","1446822.5","1446667.5","1446977.5","10.541768999999999","13.426508999999996"
"1604157203","1446427.75","1446291.5","1446564.0","19.526063","16.005166999999997"
"1604157204","1446335.8","1446224.2","1446447.4","42.25491299999998","87.897498"
"1604157205","1446503.611111111","1446461.111111111","1446546.111111111","89.213286","89.31665200000002"
"1604157206","1446563.375","1446534.5","1446592.25","58.685579","79.12327400000002"
"1604157207","1446561.0","1446540.875","1446581.125","59.101114999999986","84.59525799999997"
"1604157208","1446600.1875","1446577.375","1446623.0","61.72061199999999","63.89326099999998"
"1604157209","1446580.2142857143","1446546.4285714286","1446614.0","55.81412099999999","39.60728299999999"
"1604157210","1446641.8333333333","1446611.6666666667","1446672.0","72.48941799999999","44.782850999999994"
"1604157211","1446819.8333333333","1446803.3333333333","1446836.3333333333","39.963438999999994","24.249619999999997"
"1604157212","1447016.1666666667","1446966.6666666667","1447065.6666666667","33.794953","18.86645199999999"
"1604157213","1447093.5555555555","1447080.4444444445","1447106.6666666667","94.11510099999998","45.522451999999994"
"1604157214","1447280.9","1447229.0","1447332.8","49.788814999999985","24.190339999999996"
"1604157215","1447325.0","1447259.6666666667","1447390.3333333333","46.681065999999994","38.366115"
"1604157216","1447194.0","1447123.3333333333","1447264.6666666667","17.606429","21.539616"
"1604157217","1447157.75","1447092.3333333333","1447223.1666666667","59.85447199999996","31.225651"
"1604157218","1447281.0","1447253.0","1447309.0","39.08017599999999","11.416155999999999"
"1604157219","1447205.9","1447094.0","1447317.8","65.88885499999996","51.648284000000004"
"1604157220","1446928.0833333333","1446866.6666666667","1446989.5","36.120473999999994","50.57802199999999"
"1604157221","1446777.857142857","1446717.0","1446838.7142857143","46.980731","44.978058999999995"
"1604157222","1446841.611111111","1446808.0","1446875.2222222222","50.16681100000001","59.040721"
"1604157223","1446802.9285714286","1446763.2857142857","1446842.5714285714","37.46401800000001","38.705462000000004"
"1604157224","1446902.75","1446871.625","1446933.875","61.38710099999999","49.579706999999985"
"1604157225","1446975.25","1446967.625","1446982.875","87.41949899999997","48.89531199999998"
"1604157226","1447019.875","1446967.625","1447072.125","87.41034099999996","49.09801199999999"
"1604157227","1447134.857142857","1447089.2857142857","1447180.4285714286","65.51599999999999","54.48858599999999"
"1604157228","1447235.8333333333","1447173.8333333333","1447297.8333333333","33.44152","60.96587099999999"
"1604157229","1447315.8125","1447241.25","1447390.375","26.094727999999996","77.68883499999998"
"1604157230","1447286.6875","1447207.875","1447365.5","35.194281000000004","65.129006"
"1604157231","1447284.125","1447258.875","1447309.375","32.303593","52.981909"
"1604157232","1447316.5555555555","1447301.111111111","1447332.0","34.443808000000004","74.50034"
"1604157233","1447169.75","1447159.75","1447179.75","48.184121","57.84605400000001"
"1604157234","1447143.5625","1447095.0","1447192.125","52.82644799999999","44.01364000000001"
"1604157235","1447150.45","1447093.0","1447207.9","57.706744999999984","68.75622499999999"
"1604157236","1447112.5833333333","1447064.6666666667","1447160.5","58.698871999999994","45.096553"
"1604157237","1447115.2","1447060.8","1447169.6","55.05794399999999","33.978105000000006"
"1604157238","1447198.0625","1447181.375","1447214.75","45.550751999999996","62.294798"
"1604157239","1447147.7142857143","1447094.4285714286","1447201.0","67.68432399999999","43.392524"
"1604157240","1447098.75","1447040.75","1447156.75","99.041169","43.268224"
"1604157241","1447012.75","1446934.5","1447091.0","18.819620999999998","11.811279999999998"
"1604157242","1446874.6666666667","1446750.0","1446999.3333333333","16.973696","23.453780999999996"
"1604157243","1446657.7","1446553.6","1446761.8","35.14833799999998","46.44367"
"1604157244","1446540.5714285714","1446446.7142857143","1446634.4285714286","33.09591899999999","54.21256899999999"
"1604157245","1446388.5555555555","1446289.6666666667","1446487.4444444445","31.62369099999999","40.025985999999996"
"1604157246","1446375.642857143","1446316.857142857","1446434.4285714286","28.850110999999995","34.797897999999975"
"1604157247","1446296.7142857143","1446246.142857143","1446347.2857142857","33.54806","47.99165499999999"
"1604157248","1446293.1875","1446256.125","1446330.25","35.18009399999999","50.614368"
"1604157249","1446449.357142857","1446441.4285714286","1446457.2857142857","25.104560999999997","48.581288"
"1604157250","1446436.45","1446404.7","1446468.2","31.810901","69.429485"
"1604157251","1446231.125","1446193.625","1446268.625","50.744252999999986","33.387009000000006"
"1604157252","1446299.625","1446244.5","1446354.75","55.641196","24.446093000000005"
"1604157253","1446384.7142857143","1446362.142857143","1446407.2857142857","50.31020499999998","28.306424"
"1604157254","1446481.2222222222","1446444.111111111","1446518.3333333333","48.99860899999999","42.882400000000004"
"1604157255","1446498.4375","1446458.5","1446538.375","42.145458999999995","39.24922500000001"
"1604157256","1446434.4166666667","1446398.8333333333","1446470.0","28.005705999999996","32.39537000000001"
"1604157257","1446234.4375","1446196.5","1446272.375","63.32095299999999","25.70598299999999"
"1604157258","1446142.2857142857","1446076.0","1446208.5714285714","55.337117000000006","39.901354999999995"
"1604157259","1446113.6875","1446084.75","1446142.625","56.852035","39.622803000000005"
"1604157260","1446128.0","1446071.375","1446184.625","56.997629","35.173041000000005"
"1604157261","1446212.625","1446129.375","1446295.875","67.939476","49.796873"
"1604157262","1446319.6666666667","1446229.6666666667","1446409.6666666667","35.52887499999999","62.06115599999998"
"1604157263","1446329.0555555555","1446274.888888889","1446383.2222222222","58.69756899999998","76.613765"
"1604157264","1446400.25","1446357.875","1446442.625","53.38290599999999","52.699137999999984"
"1604157265","1446404.0555555555","1446331.5555555555","1446476.5555555555","65.69608","43.43515999999999"
"1604157266","1446299.2777777778","1446272.4444444445","1446326.111111111","69.11365599999999","41.79141499999999"
"1604157267","1446279.8125","1446210.25","1446349.375","60.65107899999999","29.305706999999998"
"1604157268","1446170.9375","1446111.0","1446230.875","56.730755999999985","23.889196999999996"
"1604157269","1446251.5625","1446166.625","1446336.5","47.360162999999986","30.28256199999999"
"1604157270","1446411.6875","1446363.125","1446460.25","44.160763999999986","42.974850999999994"
"1604157271","1446495.9444444445","1446459.5555555555","1446532.3333333333","32.517893999999984","60.585013000000004"
"1604157272","1446554.375","1446521.25","1446587.5","26.952377","49.580045999999996"
"1604157273","1446712.0","1446639.5","1446784.5","7.711842","15.012819999999998"
"1604157274","1446757.125","1446648.0","1446866.25","13.956471999999994","29.255487999999996"
"1604157275","1446603.5714285714","1446535.7142857143","1446671.4285714286","47.34192399999999","43.751089999999984"
"1604157276","1446607.6875","1446574.375","1446641.0","62.993492999999994","36.414204999999995"
"1604157277","1446637.5","1446615.3333333333","1446659.6666666667","47.684364","47.27379"
"1604157278","1446653.75","1446632.875","1446674.625","45.771192000000006","52.966283000000004"
"1604157279","1446666.9444444445","1446626.4444444445","1446707.4444444445","57.758892","69.37902300000002"
"1604157280","1446662.4375","1446617.5","1446707.375","51.60657999999999","63.240520999999994"
"1604157281","1446748.8","1446731.9","1446765.7","50.99827099999999","79.33900800000002"
"1604157282","1446766.7777777778","1446685.4444444445","1446848.111111111","52.59635899999999","74.99340300000001"
"1604157283","1446696.0625","1446665.75","1446726.375","48.10825100000001","66.764076"
"1604157284","1446521.6875","1446464.625","1446578.75","59.50123299999999","66.4763"
"1604157285","1446326.0","1446280.75","1446371.25","34.72016299999999","35.84637999999999"
"1604157286","1446183.4375","1446168.75","1446198.125","63.43770599999999","46.206493"
"1604157287","1446077.0","1446064.625","1446089.375","63.99401399999999","22.334632000000003"
"1604157288","1446087.0833333333","1446078.1666666667","1446096.0","48.23577799999998","18.981398"
"1604157289","1446112.6875","1446068.875","1446156.5","57.827968999999975","42.19279699999999"
"1604157290","1446017.8125","1445999.0","1446036.625","55.30885099999998","45.597415000000005"
"1604157291","1446030.6","1445998.2","1446063.0","68.71688199999997","50.145955000000015"
"1604157292","1446035.75","1445994.0","1446077.5","47.50123899999998","42.159892"
"1604157293","1445959.25","1445892.5","1446026.0","22.397472999999998","39.821117999999984"
"1604157294","1445844.0","1445802.0","1445886.0","23.206327999999996","27.577689999999997"
"1604157295","1445772.142857143","1445743.5714285714","1445800.7142857143","27.194888","20.535065999999993"
"1604157296","1445865.5","1445803.0","1445928.0","22.96007899999999","36.212721"
"1604157297","1445890.25","1445842.5","1445938.0","21.209259999999993","58.906040000000004"
"1604157298","1445884.1875","1445842.75","1445925.625","23.91688599999999","61.07152500000001"
"1604157299","1446012.0714285714","1445945.5714285714","1446078.5714285714","27.858928999999996","71.11121699999998"
"1604157300","1446140.5714285714","1446090.0","1446191.142857143","27.72943999999999","77.72235499999998"
"1604157301","1446120.2222222222","1446089.2222222222","1446151.2222222222","34.36415099999999","83.05970799999999"
"1604157302","1446190.125","1446153.625","1446226.625","25.623667999999995","51.49900100000001"
"1604157303","1446164.1666666667","1446145.4444444445","1446182.888888889","26.792002000000004","100.41007799999997"
"1604157304","1446201.5625","1446156.5","1446246.625","27.612791","79.27813899999997"
"1604157305","1446139.875","1446099.25","1446180.5","30.107122","64.557038"
"1604157306","1446199.25","1446183.5","1446215.0","48.504508999999985","109.33516299999998"
"1604157307","1446146.2142857143","1446129.857142857","1446162.5714285714","85.02525699999998","85.16451999999998"
"1604157308","1446117.888888889","1446091.0","1446144.7777777778","81.31379799999999","93.87015099999999"
"1604157309","1446016.0","1445975.857142857","1446056.142857143","62.29667599999999","81.44583899999998"
"1604157310","1445999.375","1445960.25","1446038.5","93.55535899999998","77.02321299999997"
"1604157311","1446106.9375","1446083.125","1446130.75","50.906897999999984","88.76869399999995"
"1604157312","1446116.2857142857","1446077.0","1446155.5714285714","32.59328299999999","69.01232399999998"
"1604157313","1446138.5","1446100.3333333333","1446176.6666666667","47.685478","88.34522999999997"
"1604157314","1446148.7777777778","1446112.2222222222","1446185.3333333333","42.492914","80.26448899999998"
"1604157315","1446193.357142857","1446174.2857142857","1446212.4285714286","48.037187999999986","47.851941"
"1604157316","1446326.6875","1446274.0","1446379.375","37.03938399999999","62.11400800000001"
"1604157317","1446382.6875","1446359.875","1446405.5","43.321773999999984","58.497308000000004"
"1604157318","1446311.4375","1446280.125","1446342.75","46.16184999999999","40.667167"
"1604157319","1446372.5625","1446333.625","1446411.5","46.458146","51.812187"
"1604157320","1446370.125","1446334.0","1446406.25","64.76628399999998","53.550394999999995"
"1604157321","1446354.1666666667","1446305.2222222222","1446403.111111111","92.02892699999998","62.23297700000001"
"1604157322","1446428.3125","1446386.125","1446470.5","92.10029999999998","60.66831799999999"
"1604157323","1446378.888888889","1446358.3333333333","1446399.4444444445","101.49897999999999","77.99061"
"1604157324","1446265.625","1446247.125","1446284.125","51.80914899999999","57.81529499999999"
"1604157325","1446175.375","1446132.5","1446218.25","36.04266","24.63785999999999"
"1604157326","1446295.9","1446234.0","1446357.8","58.87054399999999","33.115671999999996"
"1604157327","1446549.25","1446511.0","1446587.5","39.190293","42.012086999999994"
"1604157328","1446507.8333333333","1446480.0","1446535.6666666667","15.424123999999999","18.89936699999999"
"1604157329","1446598.25","1446559.875","1446636.625","37.03874799999999","57.44376199999997"
"1604157330","1446581.9166666667","1446541.5","1446622.3333333333","28.342458999999998","46.48535799999999"
"1604157331","1446578.0","1446543.7777777778","1446612.2222222222","51.06459099999999","67.31164199999999"
"1604157332","1446420.75","1446374.125","1446467.375","66.31136999999998","64.09243499999998"
"1604157333","1446346.6666666667","1446313.3333333333","1446380.0","78.57600499999997","52.96976599999999"
"1604157334","1446481.2857142857","1446471.4285714286","1446491.142857143","65.539031","41.870814"
"1604157335","1446503.5","1446500.0","1446507.0","42.89848900000001","42.264128"
"1604157336","1446348.2777777778","1446330.7777777778","1446365.7777777778","109.30798199999998","56.053393"
"1604157337","1446397.0555555555","1446373.4444444445","1446420.6666666667","114.52519999999998","68.13604"
"1604157338","1446474.625","1446409.0","1446540.25","42.69699399999999","30.525073999999996"
"1604157339","1446617.2857142857","1446550.857142857","1446683.7142857143","51.03220999999998","50.983617999999986"
"1604157340","1446740.4375","1446724.75","1446756.125","83.088664","65.39458400000001"
"1604157341","1446744.3333333333","1446721.888888889","1446766.7777777778","80.82563899999998","53.275597"
"1604157342","1446746.5","1446724.0","1446769.0","7.409557999999996","12.128266"
"1604157346","1446755.1","1446732.0","1446778.2","18.739490999999994","39.492665"
"1604157347","1446788.875","1446746.5","1446831.25","29.90460699999999","42.170244999999994"
"1604157348","1446775.5","1446596.5","1446954.5","55.808640999999994","42.74953799999998"
"1604157349","1446929.6","1446903.6","1446955.6","81.72993399999999","39.68962299999999"
"1604157350","1447028.625","1447013.0","1447044.25","47.603005999999986","58.43001399999999"
"1604157351","1446939.2222222222","1446893.4444444445","1446985.0","65.009033","71.47331999999997"
"1604157352","1446725.5","1446677.5","1446773.5","69.91742699999999","46.123047"
"1604157353","1446642.4166666667","1446595.5","1446689.3333333333","29.135642999999988","41.191131999999996"
"1604157354","1446525.6","1446492.6","1446558.6","53.220098","34.08841499999998"
"1604157356","1446158.5","1445868.0","1446449.0","4.937256","6.677170999999996"
"1604157357","1446026.1666666667","1445750.5","1446301.8333333333","45.37414599999999","74.339213"
"1604157358","1445739.5","1445599.3333333333","1445879.6666666667","32.761883999999995","25.842202999999998"
"1604157359","1445750.6875","1445709.25","1445792.125","58.75787199999999","66.086027"
"1604157360","1445738.875","1445717.25","1445760.5","104.68217599999997","57.974695000000004"
"1604157361","1445851.3333333333","1445723.3333333333","1445979.3333333333","37.45893599999999","29.098335999999996"
"1604157362","1445846.2142857143","1445806.2857142857","1445886.142857143","101.67217499999998","58.803052"
"1604157363","1445881.4166666667","1445825.0","1445937.8333333333","99.58251999999999","38.395125"
"1604157364","1445928.0","1445897.75","1445958.25","107.807025","37.38901299999999"
"1604157365","1446019.75","1446004.625","1446034.875","83.47369799999998","42.165412999999994"
"1604157366","1446189.75","1446159.875","1446219.625","93.39589599999998","42.747859"
"1604157367","1446274.0","1446235.0","1446313.0","76.65294599999999","34.714425999999996"
"1604157368","1446348.875","1446315.5","1446382.25","91.86493299999998","44.730503"
"1604157369","1446467.375","1446440.875","1446493.875","97.75554999999997","42.22190399999999"
"1604157370","1446498.3333333333","1446476.3333333333","1446520.3333333333","126.434372","53.40429799999999"
"1604157371","1446095.9","1445991.2","1446200.6","57.03604999999998","44.423486000000004"
"1604157372","1445713.5","1445594.5","1445832.5","45.994469999999986","43.76196599999999"
"1604157373","1445622.111111111","1445554.2222222222","1445690.0","106.85625599999997","39.147552999999995"
"1604157374","1445654.75","1445592.75","1445716.75","83.80282099999995","40.939566"
"1604157375","1445616.5","1445557.1666666667","1445675.8333333333","54.63367899999998","31.773888999999993"
"1604157376","1445649.4444444445","1445598.111111111","1445700.7777777778","77.47158199999997","53.709166999999994"
"1604157377","1445626.75","1445577.0","1445676.5","73.21505599999995","52.173939000000004"
"1604157378","1445630.611111111","1445577.0","1445684.2222222222","82.53930799999995","56.223845"
"1604157379","1445692.1666666667","1445651.5555555555","1445732.7777777778","83.300401","62.076465"
"1604157380","1445589.5714285714","1445560.7142857143","1445618.4285714286","68.10951399999999","50.69170799999999"
"1604157381","1445599.7222222222","1445545.3333333333","1445654.111111111","84.27142699999999","65.668124"
"1604157385","1445655.0","1445607.0","1445703.0","9.282853","7.102604999999999"
"1604157386","1445389.1666666667","1445303.3333333333","1445475.0","24.805944999999998","26.52990899999999"
"1604157387","1445114.0","1444986.857142857","1445241.142857143","52.58785299999998","63.649118999999985"
"1604157388","1445168.4166666667","1445119.8333333333","1445217.0","32.264943999999986","35.057581"
"1604157389","1445088.5","1445033.7142857143","1445143.2857142857","39.20177099999999","77.698446"
"1604157390","1445177.5625","1445108.375","1445246.75","32.243159999999996","84.737992"
"1604157391","1445244.75","1445180.1","1445309.4","38.90592399999999","126.83925699999998"
"1604157392","1445346.4285714286","1445302.7142857143","1445390.142857143","31.260284","93.25566599999999"
"1604157393","1445263.5","1445168.4285714286","1445358.5714285714","34.407904999999985","72.85162899999999"
"1604157394","1445379.5714285714","1445351.142857143","1445408.0","38.482100999999986","58.529596999999995"
"1604157395","1445300.25","1445266.375","1445334.125","28.069441000000005","50.380486999999995"
"1604157396","1445152.7777777778","1445107.6666666667","1445197.888888889","41.27369499999999","33.68741999999999"
"1604157397","1444949.9285714286","1444916.4285714286","1444983.4285714286","47.70878499999999","40.83134199999999"
"1604157398","1444852.5625","1444834.25","1444870.875","60.156114","36.443877999999984"
"1604157399","1444695.3125","1444645.625","1444745.0","108.344633","34.394260999999986"
"1604157400","1444788.857142857","1444781.0","1444796.7142857143","95.067311","42.48266199999999"
"1604157401","1444850.0","1444817.5","1444882.5","52.99089599999999","32.706664"
"1604157402","1445169.5","1444980.0","1445359.0","36.77537099999999","26.978499"
"1604157403","1445379.75","1445201.5","1445558.0","33.31727600000001","11.083719999999996"
"1604157404","1445239.0833333333","1445179.1666666667","1445299.0","57.972787","53.264299999999984"
"1604157405","1445025.375","1444986.25","1445064.5","53.31817899999999","100.02103899999994"
"1604157406","1444867.7142857143","1444822.857142857","1444912.5714285714","85.98315999999998","53.87596399999998"
"1604157407","1444799.9","1444767.0","1444832.8","72.360068","37.94167099999999"
"1604157408","1444682.75","1444613.875","1444751.625","89.00335899999997","49.15770499999999"
"1604157409","1444751.642857143","1444685.4285714286","1444817.857142857","81.12787799999997","52.973976"
"1604157410","1444890.642857143","1444862.142857143","1444919.142857143","81.32481799999996","69.808212"
"1604157411","1444884.9375","1444867.0","1444902.875","93.41272699999998","79.85817799999998"
"1604157412","1444820.1875","1444761.75","1444878.625","83.43792199999999","82.86389600000001"
"1604157413","1444777.625","1444710.625","1444844.625","45.38144799999999","66.711449"
"1604157414","1444734.388888889","1444679.7777777778","1444789.0","65.12124399999998","67.66203999999999"
"1604157415","1444571.857142857","1444545.7142857143","1444598.0","79.83588899999997","42.929252000000005"
"1604157416","1444595.85","1444568.6","1444623.1","127.51729399999995","79.694553"
"1604157417","1444646.125","1444618.75","1444673.5","102.56921599999994","63.06206599999999"
"1604157418","1444592.125","1444530.875","1444653.375","107.74474899999994","59.35094099999999"
"1604157419","1444534.25","1444479.0","1444589.5","107.10736399999993","53.511573999999996"
"1604157420","1444550.0","1444529.25","1444570.75","101.08963399999993","66.85707200000002"
"1604157421","1444594.375","1444541.75","1444647.0","100.62041099999996","82.28464099999998"
"1604157422","1444596.111111111","1444553.0","1444639.2222222222","116.04676699999997","76.908582"
"1604157423","1444661.125","1444622.5","1444699.75","101.86882999999999","78.70219800000001"
"1604157424","1444734.7857142857","1444676.142857143","1444793.4285714286","77.83134899999999","76.80595399999999"
"1604157425","1444676.388888889","1444634.0","1444718.7777777778","92.07802599999998","63.374919999999996"
"1604157426","1444545.5555555555","1444514.7777777778","1444576.3333333333","107.82400799999996","43.042122"
"1604157427","1444533.7857142857","1444500.4285714286","1444567.142857143","89.01638099999995","32.244690000000006"
"1604157428","1444487.5","1444479.0","1444496.0","17.056265999999997","12.982678999999997"
"1604157429","1444629.0","1444563.7142857143","1444694.2857142857","69.00915599999998","64.42837"
"1604157430","1444636.25","1444568.0","1444704.5","75.38841599999999","77.69951300000001"
"1604157431","1444664.9444444445","1444621.4444444445","1444708.4444444445","72.66587499999997","112.39816600000002"
"1604157432","1444684.6875","1444665.0","1444704.375","58.32425599999998","77.58845999999998"
"1604157433","1444613.7857142857","1444559.4285714286","1444668.142857143","51.336939","63.11136199999999"
"1604157434","1444595.9285714286","1444571.857142857","1444620.0","52.152986999999996","35.025689"
"1604157435","1444743.357142857","1444707.7142857143","1444779.0","53.08514699999998","51.682973000000004"
"1604157436","1444821.0555555555","1444802.5555555555","1444839.5555555555","60.691670999999985","73.26674200000001"
"1604157437","1444803.8125","1444763.25","1444844.375","46.84003899999999","82.52861999999999"
"1604157438","1444715.0","1444673.4285714286","1444756.5714285714","38.25271699999999","64.377477"
"1604157439","1444733.5625","1444684.375","1444782.75","45.196637999999986","55.542741"
"1604157440","1444754.375","1444720.125","1444788.625","47.38391999999998","69.02121199999999"
"1604157441","1444776.6666666667","1444732.2222222222","1444821.111111111","49.81510399999999","76.81125700000001"
"1604157442","1444714.1666666667","1444664.3333333333","1444764.0","35.251244","43.210303"
"1604157443","1444449.5714285714","1444391.7142857143","1444507.4285714286","42.789157999999986","37.50749399999999"
